4760 6262
95 413 98 420 ,
300 325 374 404 iia
860 317 1306 452 'nrisrouattuii
1356 323 1462 404 aiii.
1502 321 1604 404 viii.
1656 321 1788 402 cosi.
2231 333 2282 410 iii
2341 333 2343 376 ³

298 499 525 598 probatorem
543 487 652 568 huius
669 493 773 585 libri,
805 495 943 570 etiamsi
958 487 1108 580 Xoieroc
1128 491 1193 570 sirii
1210 491 1294 594 Ἀρ·
1349 497 1583 594 proficiscitur
1605 495 1709 574 Doct.
1732 484 1884 596 Caspai
1903 483 2088 593 Grnoi'qsr.
2132 493 2163 570 Is
2179 523 2285 578 neniis

326 591 588 698 monocrde*)
607 599 814 690 receperint.
880 597 1007 672 Sinent
1027 601 1156 672 caeteri
1175 599 1295 693 potins
1348 601 1463 672 multo
1483 603 1631 674 uberius
1650 601 1792 692 negotia
1806 599 1927 672 omnia
1939 599 2079 692 poterit.
2125 595 2285 678 Cuminito

298 631 393 775 hanc
408 701 485 772 lieri
499 693 748 792 ὁμοσπόνδων
763 699 1056 783 disiunctionem,
1084 727 1188 796 quam
1203 698 1296 771 hanc
1349 702 1529 796 colloquio
1553 700 1738 786 haererent
1761 702 2019 776 conuorersiae
2041 724 2112 772 non
2138 703 2286 796 diremptae

301 803 476 902 hyaenam
506 800 691 895 recipiant.
746 795 925 872 Maronia
960 805 1171 896 legationem
1198 801 1298 872 misit
1350 805 1504 898 aliquot,
1537 806 1701 876 videlicet
1715 807 1759 875 de
1775 801 1991 898 conciliis¹),
2020 806 2063 874 de
2077 806 2288 877 naniiuhiia.

303 909 349 979 sd
365 897 585 979 Lutberum.
636 901 812 976 Sciscitati
833 919 917 976 sunt
938 895 1021 975 eius'
1038 903 1230 974 sententias
1252 905 1298 973 de
1349 905 1518 990 fladone,
1548 908 1592 977 de
1615 906 1854 990 consessione,
1890 905 2134 990 satisfactione,
2170 902 2289 978 authori·

303 1007 463 1088 articulis
482 1005 528 1104 de
552 1003 681 1100 quibus
701 1029 777 1076 non
798 1007 981 1094 convenit,
1022 1031 1063 1076 ac
1086 1005 1298 1078 nominatim
1350 1005 1712 1101 tate'Episcopornm,
1744 1009 1789 1078 de
1806 1002 1937 1092 Missa,
1970 1005 2137 1077 devotis:
2167 1003 2289 1080 Illarthio

304 1103 388 1206 περὶ
406 1113 471 1202 τῆς
491 1103 699 1208 μεταβολῆς
712 1111 781 1180 τοῦ
796 1105 913 1200 ἄρτου
926 1107 1056 1190 ἐντοῖς
1070 1101 1298 1202 μυστηρίοις.
1350 1105 1494 1180 Elector
1516 1109 1702 1202 proposuit
1728 1109 1772 1178 de
1796 1108 1841 1176 iis
1863 1109 2020 1179 articulis
2042 1105 2290 1204 moderationes')

303 1211 475 1284 Nondum
495 1207 632 1282 viderat
651 1209 786 1280 librum
806 1201 997 1279 Lutheriis
1012 1201 1084 1306 ”).
1119 1207 1222 1281 ·Sed
1244 1221 1300 1278 ta·
1352 1213 1542 1302 quasdam,
1590 1211 1652 1282 sed
1681 1233 1746 1280 nec
1767 1204 1871 1306 hae’)
1893 1223 2053 1302 receptae
2075 1221 2153 1280 sunt
2172 1231 2190 1278 a
2209 1209 2292 1284 nobis.

306 1337 390 1384 men
405 1325 543 1382 nostras
558 1311 806 1402 responsiones
821 1308 921 1408 (nam
943 1333 1007 1402 ego
1029 1305 1094 1380 has
1117 1303 1300 1406 miseram)
1350 1309 1456 1384 Nunc
1471 1311 1581 1402 igitur
1596 1307 1665 1384 hoc
1681 1311 1812 1402 agitur:
1843 1311 1985 1404 publice
2001 1323 2103 1383 erunt
2123 1311 2163 1378 de
2180 1307 2292 1384 libroet

304 1415 458 1510 probare
480 1435 517 1484 se
534 1412 730 1504 respondit.
779 1409 857 1502 Ego
882 1413 913 1482 si
936 1413 1016 1506 quis
1037 1413 1128 1483 alins
1146 1412 1203 1480 vel
1223 1433 1301 1480 ina-
1352 1413 1397 1482 de
1418 1413 1549 1482 nostris
1574 1411 1748 1499 articulis,
1786 1435 1875 1505 quos
1894 1411 2137 1504 opposuimus,
2165 1410 2293 1480 dicenda

306 1517 399 1588 xime
423 1514 625 1607 praedicare
648 1535 812 1606 possum,
843 1537 900 1583 me
919 1513 959 1582 in
982 1507 1039 1582 his
1060 1511 1302 1585 contentioni·
1352 1514 1556 1586 sententiae.
1607 1511 1719 1584 Initio
1742 1513 2041 1606 promittebantur
2061 1511 2158 1582 nobis
2177 1533 2294 1580 necun-

307 1621 376 1690 bus
391 1617 569 1688 moderate
585 1629 763 1687 versatum
778 1635 869 1696 esse,
904 1637 945 1684 ac
962 1609 1113 1686 adhibui
1128 1639 1205 1685 eam
1222 1639 1302 1684 mo·
1353 1615 1426 1686 riae
1436 1613 1467 1712 ⁴)
1498 1615 1767 1686 reformationes
1789 1609 2047 1699 Ecclesiarnm,
2085 1615 2143 1682 sed
2170 1613 2294 1682 videntur

307 1718 547 1802 decetionem,
597 1739 704 1810 mam
744 1717 790 1785 ad
831 1715 1101 1808 explicationem
1142 1715 1301 1786 veritatis
1353 1741 1395 1789 eo
1412 1717 1597 1788 simulatae
1613 1739 1686 1786 esse
1702 1715 1954 1808 promissiones
1969 1716 2070 1799 illae,
2102 1713 2295 1804 utpraebeia·

307 1835 425 1914 aptam
448 1841 521 1890 esse
542 1817 760 1903 iudicabam;
802 1820 865 1887 sed
889 1817 1061 1910 proiiccre
1083 1831 1118 1888 et
1141 1840 1302 1888 corrum-
1353 1841 1433 1890 mus
1445 1840 1511 1890 nos
1523 1819 1642 1888 minus
1657 1819 1776 1888 duros.
1808 1814 2046 1888 Fallacissime
2060 1813 2295 1886 insidiosissime·

307 1945 391 2014 pere
410 1943 468 1990 res
486 1920 546 2012 pie
569 1933 604 1989 et
622 1919 757 1992 utiliter
773 1919 960 2010 patefactas
981 1941 1056 1989 non
1071 1919 1166 1992 volo.
1216 1917 1303 1989 Mo·
1355 1944 1423 2015 que
1459 1919 1579 1990 omnia
1605 1932 1759 2010 aguntur
1787 1919 1833 1988 ab
1861 1919 2081 1992 adversariis.
2140 1913 2213 1984 ldeo
2230 1911 2296 1983 Dens

308 2047 396 2094 veor
418 2021 581 2117 equidem
603 2021 649 2090 iis
673 2021 905 2110 argumentis,
943 2045 1033 2114 qnae
1056 2023 1099 2090 de
1123 2043 1227 2114 pace,
1258 2021 1303 2089 de
1355 2023 1511 2092 orandus
1541 2035 1610 2106 est,
1652 2034 1693 2092 ut
1719 2043 1760 2088 cx
1787 2012 1844 2089 his
1875 2019 2010 2112 laqueis
2038 2013 2175 2116 (nos)‘)
2199 2015 2296 2106 eripiat.

308 2123 413 2198 bellis
434 2123 615 2208 civilibus,
655 2123 699 2192 de
724 2121 873 2192 interitu
894 2123 1113 2207 studiorum,
1151 2123 1183 2192 si
1206 2133 1302 2190 mota
1353 2121 1568 2214 Longiorem
1589 2117 1776 2192 historiam
1797 2136 1893 2211 petes
1914 2143 1956 2190 ex
1973 2119 2158 2210 Viteberga
2177 2106 2297 2186 adiici

307 2225 578 2308 toeitnearma,
603 2221 832 2296 obiiciantur.
873 2221 944 2294 Sed
960 2224 1049 2318 quid
1062 2223 1212 2292 sariam?
1253 2219 1303 2290 tlt
1352 2247 1451 2320 gero.
1501 2219 1712 2310 Bene-vale,
1737 2219 1984 2298 diessluoii
2002 2219 2112 2296 1541.

309 2329 422 2398 esitus
437 2323 514 2398 Deo
532 2323 806 2395 commendandi
824 2337 918 2398 sunt.
968 2323 1077 2396 Mitto
1095 2324 1162 2396 tibi
1178 2321 1304 2394 Eccia-
2096 2315 2186 2393 Phil.
2201 2313 2269 2388 Mel.

308 2453 397 2500 num
412 2417 686 2522 libellnmm),
714 2424 759 2496 'in
775 2449 847 2520 quo
862 2425 1034 2511 ostendit,
1061 2425 1147 2520 qnid
1165 2425 1304 2498 sentiat.

308 2527 358 2602 Et
371 2529 485 2624 qualis
499 2528 604 2598 nobis
621 2551 701 2598 cnm
715 2521 784 2598 hoc
798 2549 925 2618 genere
940 2521 1200 2622 sycophantico
1217 2549 1304 2597 con·
1465 2613 1471 2620 .

248 2631 252 2641 '
310 2631 431 2706 cordia
446 2631 567 2704 futura
581 2629 657 2701 esti
704 2625 908 2703 Benevole.
958 2629 1020 2703 22.
1036 2625 1144 2702 lunii.
1292 2659 1297 2672 ·
1355 2661 1411 2734 No
1441 2659 1555 2734 2277·
2183 2651 2294 2727 2411111,
2342 2634 2345 2671 ²

821 2725 1012 2824 Philippus
1026 2723 1253 2802 Melanthea.
1362 2713 1535 2788 ὁ*
1659 2775 1664 2786 ·
1797 2774 1801 2783 -
1968 2719 1991 2782 .'
2167 2741 2298 2779 *Ν

1688 2823 1779 2910 lou
1803 2823 2016 2908 Milichie.

1426 3003 1511 3078 Epist.
1530 2997 1739 3076 bullirent.
1762 3003 1816 3071 (sd.
1831 3001 1917 3064 Lond.
1933 2998 1980 3060 lib.
1995 2999 2032 3058 ll.
2053 3019 2097 3074 ep.
2110 2997 2176 3067 487.)

1169 3161 1305 3191 Μ
1588 3155 1645 3238 D.
1668 3155 1842 3232 Iacobo
1871 3121 2144 3230 Milichie(

563 3321 566 3330 ’
646 3233 744 3324 Νίσ·
772 3231 977 3322 Medlem
1358 3270 1404 3364 S·
1427 3289 1473 3368 D.
1530 3289 1639 3384 Quod
1662 3285 1831 3362 hactenus
1854 3291 1972 3362 nullas
1993 3291 2043 3360 ad
2064 3305 2098 3360 te
2120 3287 2225 3358 literas
2242 3281 2305 3364 misi,

317 3456 320 3462 ,
380 3413 649 3472 Primnmeditsers
687 3401 1306 3544 grspboincodfflsull.pbltisziebeieb·
1359 3419 1499 3466 eausam
1513 3418 1588 3464 non
1602 3405 1724 3486 putato
1742 3392 1851 3464 ullam
1867 3415 1940 3462 esse
1960 3391 2088 3478 aliam,
2120 3389 2184 3458 nisi
2205 3393 2233 3457 ei
2248 3387 2304 3452 dci-

416 3473 1308 3614 {fiffl'effifflgssgfflffffl322231571233'129123237
1358 3497 1462 3568 tellas
1477 3496 1694 3568 luxationem
1713 3507 1749 3564 et
1772 3487 1835 3562 has
1858 3506 1995 3570 nostras
2020 3491 2247 3584 occupationes
2261 3507 2305 3556 ir·

416 3623 493 3681 uotis
510 3621 547 3678 ait
565 3623 838 3698 Mestrium-eps.
854 3653 890 3668 -
923 3617 978 3678 tlte
994 3617 1084 3672 denno
1104 3623 1131 3670 ei
1148 3621 1307 3670 oceoriiei
1360 3587 1558 3696 ραχῶδεις,
1584 3617 1671 3690 quas
1686 3591 1848 3666 recitabit
1863 3581 2026 3689 Corpor.
2067 3589 2304 3664 Nuncvoloioen
2350 3675 2351 3682 1

418 3691 514 3750 ‘⁰⁶⁵⁰'
528 3691 670 3766 wib·
1359 3695 1529 3800 Appiani
1548 3699 1673 3790 ingens
1695 3695 1820 3780 mitto,
1853 3719 1892 3766 ac
1915 3693 1982 3765 tibi
2006 3697 2120 3780 dono,
2144 3703 2182 3763 ut
2197 3687 2306 3760 sarcion
2350 3709 2351 3736 i

1360 3801 1467 3874 oflicii
1484 3795 1836 3894 praetermissionem.
1887 3793 1978 3865 Tuis
1990 3795 2106 3866 literis
2119 3793 2162 3864 ad
2180 3815 2229 3860 me
2247 3783 2305 3858 scri·
2350 3815 2351 3824 ¹

1360 3905 1430 4000 ptis
1444 3904 1548 3974 valde
1564 3911 1805 3971 consternatus
1823 3919 1916 3967 snm:
1950 3897 2012 3965 sed
2031 3914 2148 3970 tamen
2164 3905 2195 3962 et
2212 3889 2257 3960 illi
2272 3881 2306 3956 rei

1360 4003 1557 4078 remedium
1573 4025 1674 4096 spero
1690 3995 1824 4070 adferri
1845 4019 1965 4090 posse,
1993 4011 2029 4068 et
2049 4021 2126 4068 mea
2148 3983 2306 4066 titii‘officii

1362 4107 1591 4189 constabunt,
1621 4103 1652 4172 si
1670 4099 1769 4172 Deus
1791 4093 1882 4170 mihi
1903 4099 2129 4183 concesserit,
2159 4107 2197 4166 ut
2211 4091 2307 4163 elucter

1362 4233 1402 4280 eii
1417 4204 1474 4278 bis
1490 4207 1597 4279 undis
1612 4227 1651 4275 ac
1662 4201 1839 4296 procellis,
1862 4201 1903 4270 in
1920 4215 2006 4294 quas
2023 4223 2080 4270 me
2096 4193 2245 4290 ἅμαθίαι
2255 4191 2307 4262 iiii

274 4371 275 4380 1
315 4267 362 4359 S·
388 4285 434 4364 D.
485 4283 574 4357 Misi
589 4279 774 4358 historiam
791 4287 961 4381 colloquii
976 4283 1035 4358 hic
1052 4281 1206 4356 instituti
1227 4280 1311 4352 lire·
1361 4303 1604 4406 11111110151111111,
1629 4303 1868 4376 coniecerunt·
1930 4299 2043 4394 511110
2065 4299 2166 4370 nobis
2185 4317 2248 4365 111111
2266 4292 2307 4358 d„
2351 4333 2352 4336 1

316 4413 395 4475 vem
418 4392 462 4460 ad
484 4389 616 4459 amicos
632 4385 876 4480 Vitebergam,
906 4411 995 4482 quos
1018 4388 1173 4458 arbitror
1193 4405 1310 4452 mem-
1361 4411 1438 4482 fo„
1456 4409 1663 4494 consilium,
1694 4403 1801 4478 ,fiam
1821 4404 1866 4473 ἃ.
1886 4401 1958 4473 tui,
1979 4403 2098 4473 rebus,
2145 4395 2232 4468 Bene
2246 4389 2308 4462 vala,

316 4491 418 4582 plum
444 4490 580 4561 mim
602 4492 647 4562 ³d
659 4487 763 4566 D⁰⁶¹⁰
777 4487 922 4562 Imm·
972 4488 1026 4562 Ac
1042 4511 1138 4560 ”⁰¹¹⁰
1162 4487 1310 4556 dmum
1360 4513 1429 4585 Die
1455 4507 1627 4584 Iohannis
1654 4505 1846 4601 Baptistae.
1901 4499 1948 4578 D.
1973 4499 2120 4574 Doctori
2141 4491 2308 4593 Augustini

351 4689 371 4730 ,
548 4691 554 4708 .
667 4692 674 4707 .
1362 4615 1450 4688 Viro
1474 4614 1611 4707 optimo
1632 4609 1781 4681 salntem
1804 4617 1910 4698 opto,
1943 4605 2051 4676 audio
2081 4625 2160 4674 eum
2183 4593 2309 4670 convale·

373 4691 384 4753 )
402 4689 588 4761 landgravius
600 4691 707 4746 Hassise
721 4703 748 4747 et
761 4691 892 4749 Bucerns.

326 4759 398 4828 ·**)
415 4757 489 4814 llaec
509 4761 649 4830 quomodo
669 4759 830 4815 blelsntbon
850 4761 970 4816 scribere
988 4758 1125 4832 potuerit,
1148 4773 1206 4812 non
1226 4753 1310 4810 intel-
1359 4739 1474 4798 sceret
1507 4729 1542 4786 ‘t
1563 4733 1689 4806 Ptecor
1701 4707 1818 4781 Deum
1830 4717 1872 4777 ut
1886 4727 1967 4777 eum
1983 4705 2056 4776 ‘lui‘
2071 4703 2205 4776 dulcis&
2220 4697 2308 4768 ΗΜ

385 4829 457 4898 ligo,
473 4845 557 4900 quum
573 4827 704 4884 liutherus
715 4829 776 4912 ipse
789 4829 812 4884 ei
826 4831 965 4901 scripserit
982 4829 1012 4882 in
1026 4829 1109 4911 epqd.
1122 4825 1149 4881 d.
1162 4827 1204 4884 to.
1215 4823 1310 4946 witi
1360 4831 1394 4890 el
1409 4819 1547 4910 reipub,
1565 4827 1688 4886 servet,

385 4896 1307 5036 staricituttttaal·incastellatis,iia
1591 5021 1597 5038 ,
1621 5021 1627 5036 ,

384 5034 522 5116 exemplar
534 5035 614 5118 libri,
635 5033 709 5105 qnod
728 5033 792 5106 ipsis
810 5037 939 5090 trsilitnm
951 5033 1191 5115 innatatiaesare
1205 5033 1233 5084 in
1245 5029 1308 5084 eol·
1368 5025 1420 5160 N
1437 5007 1822 5156 Codooiiqitlisffinlqsnetlto.
1853 5078 2069 5138 admonitio
2090 5091 2128 5132 a·

379 5103 495 5176 loquio,
512 5121 589 5158 cuius
602 5121 653 5185 apo
674 5103 776 5174 raphon
790 5103 910 5184 liuthero
923 5103 1048 5158 nondum
1062 5119 1175 5182 missorii
1190 5109 1271 5178 erat..
1391 5093 1408 5146 2
1435 5093 1644 5145 moderationes
1699 5123 1707 5142 .
1807 5085 1852 5146 D·
2067 5093 2089 5138 1¹

351 5167 418 5236 m)
436 5169 595 5244 „Eocisnns
609 5171 661 5225 libe
674 5171 736 5224 lns”
751 5171 772 5226 si
786 5181 827 5226 est
842 5171 909 5225 illud
922 5170 1054 5294 scrqdnm
1069 5169 1158 5240 Eccii,
1175 5165 1250 5239 qnod
1264 5183 1309 5218 in·
1392 5159 1420 5227 b)
1438 5175 1489 5212 ries
1501 5159 1570 5226 bne]
1586 5155 1623 5212 U.
1635 5155 1668 5210 Ν.
1682 5165 1708 5208 el
1719 5155 1812 5210 Dm·
1823 5165 2012 5220 'mimim-

315 3067 510 3198 Q.
848 3031 856 3046 ’
1166 3063 1303 3138 natm

315 3841 485 3944 Egregia
506 3813 642 3945 pietate
662 3857 694 3922 et
716 3843 883 3920 doctrino
898 3837 1068 3942 praedito
1087 3835 1143 3913 D.
1163 3831 1207 3913 N
1214 3836 1308 3910 ἰοσ-

316 3946 398 4020 loo
421 3943 659 4034 Medlero,
702 3947 862 4020 Doctori‘
883 3939 1132 4040 Theologi'oe,
1168 3936 1311 4013 docenti

317 4045 568 4148 Evangeli'iim
590 4051 631 4124 i'ri
654 4049 823 4124 Ecclesia
839 4041 1162 4168 Noumhurgerisi',
1190 4039 1310 4112 amico

708 4177 776 4224 sno
793 4175 921 4222 coros.

1360 4951 1586 4970 μ

170 5239 176 5246 ’
252 5278 259 5288 .
386 5239 428 5295 scs
444 5241 476 5296 sd
490 5241 517 5296 d.
529 5240 614 5296 stol.
627 5240 749 5310 sequitur
764 5240 943 5310 (Numi),
960 5239 969 5294 i
990 5257 1033 5292 em
1045 5237 1175 5308 scriptum
1193 5253 1249 5289 non
1261 5233 1308 5286 in·
1393 5228 1421 5298 4)
1440 5226 1509 5282 eoa.
1520 5225 1600 5280 babet
1610 5224 1728 5296 Nursiae,
1740 5217 1872 5346 prolecto
1885 5216 2026 5271 mendose.
2049 5213 2087 5276 U.
2099 5211 2133 5269 N.
2146 5215 2233 5268 datast
2248 5205 2309 5258 ⁰²²&

385 5319 467 5364 sooie
481 5327 519 5364 ni.
536 5309 622 5376 lolio,
645 5309 691 5363 sed
711 5307 764 5363 boe
780 5309 871 5382 potios
888 5319 1029 5380 tempore,
1053 5303 1238 5395 compositum
1254 5311 1309 5366 αις
1427 5297 1609 5374 notibssinnes
1626 5291 1673 5348 sed
1685 5289 1737 5346 bssi
1774 5288 1923 5372 dnbisests
1940 5285 2132 5368 sseoessnri'oe,
2148 5277 2216 5355 qnod
2227 5265 2309 5358 istm·

386 5377 500 5432 fortene
515 5387 606 5432 temen
619 5379 735 5460 pertinet
747 5377 780 5432 sd
799 5378 966 5446 „mendaces
978 5373 1120 5431 ansnrss'
1142 5371 1221 5438 istas,
1243 5387 1309 5440 qoss
1426 5361 1600 5433 autographis
1621 5379 1700 5446 saepe
1720 5357 1885 5430 compendio
1906 5361 2106 5440 scriptumest.
2121 5381 2157 5394 -
2186 5346 2254 5401 nolis
2268 5351 2309 5392 ost·

384 5451 439 5520 „in
452 5449 573 5518 singulos
584 5445 714 5502 articulos
726 5444 953 5501 consarcinasse”
966 5443 1063 5498 Eceim
1075 5439 1176 5496 dicitur
1188 5441 1217 5493 in
1232 5437 1309 5494 Pssn·
1429 5441 1457 5486 es
1468 5430 1687 5512 Resormntsoqss
1702 5447 1754 5508 pro
1765 5427 1986 5510 reformationes
1997 5419 2119 5502 esbibent
2131 5417 2167 5473 U.
2179 5415 2210 5496 Ν

386 5517 424 5592 31¹3
437 5527 464 5576 et
477 5515 614 5588 ῦιορμιῑ
627 5516 742 5587 resipio,
759 5515 834 5589 quoa
847 5513 917 5570 inst.
929 5512 1042 5570 habaiu„
1053 5511 1107 5570 Νο,
1117 5509 1197 5568 2292,
1394 5497 1422 5573 6)
1442 5515 1496 5556 iios
1510 5499 1618 5563 ridetur
1631 5495 1677 5556 liis
1686 5495 1830 5565 erudisse,
1846 5491 1920 5570 qnod
1932 5489 2053 5548 Densius
2067 5489 2222 5546 intersersit·
