4760 6262
68 369 147 448 tat
622 366 1069 450 -urteuouatttttt
1119 367 1385 452 Ltuvttt..
1415 369 1548 452 tott.
2036 381 2111 458 ild

67 547 236 640 inaquam
267 543 381 617 otium
409 545 557 621 turbari.
616 541 703 616 Noti
735 559 820 617 stant
843 546 914 616 mei
940 563 1067 619 moces.
1118 559 1238 639 aperte
1254 544 1341 618 dicit
1357 547 1536 633 articulus,
1556 563 1720 646 renatum
1735 554 2019 626 nonsatisfacere
2033 555 2113 648 legi,

68 645 258 719 l'ereoria
275 643 456 720 baccauaa
473 647 550 718 eine
566 647 911 742 cupiditate'aliqua,
937 661 972 718 et
993 649 1067 718 for·
1119 661 1154 719 et
1174 671 1250 718 non
1271 671 1374 742 posse
1395 649 1434 718 fn
1458 643 1525 720 bac
1548 651 1620 722 vita
1635 652 1844 728 satisfacere.
1895 653 2002 740 ltem,
2028 657 2116 728 relic

64 763 160 820 tasse
174 751 458 846 aliquantoplos
473 751 550 822 odii
570 764 606 822 et
626 772 877 822 aerumnarum
899 749 1077 848 sustineo,¹
1118 773 1230 846 quum
1245 773 1319 820 esse
1333 763 1514 843 peccatum
1538 752 1577 821 in
1601 755 1748 841 sanctis,
1780 768 1815 828 et
1832 760 2012 850 quomodo
2036 761 2113 851 pla·

66 875 178 946 quarn
193 853 258 923 ulii
272 853 389 926 multi.
439 849 617 947 Equidem
630 847 673 948 ²¹)
688 847 838 922 adhibui
854 851 1069 922 moderatio-
1118 866 1193 926 ceat
1207 845 1373 923 inchoata
1395 853 1611 930 obedientia.
1661 853 1767 942 Item,
1790 859 1896 952 quale
1906 855 1949 956 ²²)
1970 859 2113 932 sirme-

66 977 175 1040 nem,
212 979 320 1050 quam
343 953 498 1028 iudicavi
520 955 646 1029 utilem
667 975 740 1024 esse
762 955 861 1026 etad
883 954 1067 1026 veritatem
1117 953 1248 1040 ritum,
1273 953 1370 1048 quod
1387 968 1532 1042 vocant,
1554 958 1599 1028 de
1615 957 1805 1048 condigno.
1856 957 1954 1032 llaec
1972 985 2113 1036 necesse

65 1056 336 1148 explicandam,
368 1070 404 1128 et
428 1059 472 1130 ad
494 1055 786 1150 tranquillitatem
809 1052 1066 1126 Ecclesiarum:
1119 1071 1171 1126 cet
1185 1055 1291 1137 addi,
1323 1072 1363 1128 ut
1378 1057 1538 1128 doctrina
1554 1081 1634 1129 cum
1650 1060 1695 1130 de
1709 1061 1777 1130 lide
1791 1075 1868 1132 tum
1884 1063 1928 1132 de
1943 1065 2111 1156 operibus

64 1158 149 1227 ideo
170 1181 280 1250 rogo,
309 1174 351 1230 ut
366 1183 431 1254 ea,
462 1183 553 1254 quae
574 1159 674 1246 dico,
697 1158 903 1231 existimetis
924 1182 982 1230 me
1005 1157 1065 1252 pio
1118 1171 1212 1228 recte
1228 1158 1456 1249 intelligatur.
1504 1155 1722 1241 †Praeterea
1737 1162 1807 1232 iam
1827 1159 1983 1236 suntlric
1998 1167 2111 1240 editae

64 1261 226 1354 quodam
243 1261 361 1334 studio
375 1261 503 1338 dicere.
1118 1261 1380 1352 propositiones
1396 1261 1569 1330 absurdae
1585 1275 1619 1334 et
1633 1263 1812 1351 rabiosae,
1837 1288 1927 1361 quae
1941 1263 2038 1342 hunc
2054 1295 2110 1342 ar.

168 1394 276 1468 Nunc
291 1396 373 1492 quia
389 1391 593 1490 rogatis²²),
632 1409 672 1466 ut
696 1395 801 1464 etiam
826 1395 870 1464 de
894 1393 989 1464 libro
1011 1391 1067 1461 dl·
1119 1363 1268 1434 limium
1284 1362 1800 1457 defid⁰³P⁰f¹0⁰PP¹¹8¹¹³¹¹l·”

66 1493 222 1592 σπη’),
244 1521 291 1568 an
307 1498 533 1590 recipiendae
546 1497 615 1570 sit?
647 1510 708 1568 aut
723 1498 904 1591 quomodo
917 1517 1068 1586 respon-
1219 1491 1263 1564 ln
1279 1495 1428 1567 articulo
1446 1497 1490 1566 de
1503 1493 1661 1568 Ecclesia
1684 1497 1915 1586 damnantur,
1938 1491 2028 1600 ⁴sl¹²⁸)
2049 1507 2109 1600 qui

68 1601 233 1672 dendum
253 1601 299 1670 eit
316 1596 595 1694 Imperatori²⁴):
628 1597 784 1692 primum
802 1599 932 1670 iterum
948 1610 1068 1682 testor,
1119 1595 1354 1668 discesserunt
1379 1623 1400 1668 a
1423 1593 1597 1693 malis²⁹);
1641 1623 1706 1671 nec
1739 1601 1884 1674 additur
1909 1604 2112 1692 discrimen,

68 1725 128 1770 rne
145 1697 242 1771 nibil
263 1703 501 1796 praescribere
525 1702 616 1776 aliis.
667 1699 724 1773 Sit
744 1723 847 1772 suum
871 1700 998 1794 cuique
1020 1699 1066 1768 li·
1118 1699 1182 1768 ubi
1197 1699 1396 1786 discedere,
1419 1699 1482 1770 ubi
1495 1723 1569 1772 non
1582 1701 1760 1773 discedere
1774 1705 1888 1778 liceat.
1937 1703 2112 1777 lbietiam

67 1805 197 1874 berum
219 1803 410 1889 iudicium,
449 1803 601 1874 manime
629 1803 731 1873 vobis
761 1801 1068 1892 gubernatoribus,
1119 1801 1251 1872 dicitur
1266 1801 1408 1872 vinculo
1426 1803 1626 1874 dilectionis
1643 1805 1815 1876 unitatem
1831 1803 2010 1878 Ecclesiae
2026 1833 2113 1880 con-

69 1905 133 2000 qui
149 1919 186 1976 et
201 1920 337 1978 vestrae
359 1919 395 1978 ct
414 1905 607 1976 multarum
628 1905 785 1994 gentium
808 1904 916 1976 saluti
939 1923 1068 1977 consu·
1119 1903 1270 1990 serrari,
1306 1917 1340 1976 et
1363 1917 1483 1996 postea
1506 1903 1545 1974 in
1568 1907 1797 2002 sequentibus
1820 1909 1978 1980 articulis
2001 1911 2112 1982 inter.

69 2007 304 2079 lercdebetib.
354 2005 410 2078 De
426 2031 481 2078 me
498 2007 663 2100 privatim
679 2008 807 2080 dicam.
1119 2019 1304 2098 pretautur
1319 1999 1387 2076 boc
1401 2006 1602 2078 vinculum:
1636 2009 1876 2080 obedientiam
1895 2011 2113 2084 intraditio-

172 2139 366 2236 Nunquam
388 2141 555 2234 recipiam
579 2161 638 2210 eos
660 2141 828 2212 articulos
849 2141 952 2228 libri,
978 2163 1068 2234 quos
1118 2107 1237 2226 uibus.
1294 2107 1335 2178 si
1356 2102 1424 2178 hoc
1446 2133 1551 2182 sensu
1572 2109 1762 2182 articulum
1786 2111 2014 2206 recipiemus,
2048 2139 2112 2186 nos

69 2237 386 2338 reprebendimus,
419 2243 502 2338 quia
521 2257 604 2314 suut
619 2243 716 2336 pleni
734 2267 894 2313 errorum
904 2267 953 2312 ac
967 2243 1067 2312 frau·
1120 2233 1214 2304 ¹P⁸⁰⁸
1231 2211 1558 2282 ⁰⁰⁰d²¹¹¹¹¹²¹bim¹¹⁵·
1659 2333 1664 2343 ⁹

68 2347 178 2418 dum:
211 2367 253 2416 ac
272 2345 392 2415 iudico
415 2369 505 2416 ame
522 2347 635 2417 multo
650 2341 819 2441 lentus²³)
834 2357 967 2415 taxatos
983 2365 1068 2426 esse,
1222 2341 1265 2416 In
1288 2344 1438 2416 articulo
1462 2345 1507 2416 de
1529 2345 1745 2438 poenitentia
1765 2345 1831 2430 ait,
1872 2347 2113 2418 mortificatio-

68 2471 181 2542 qnam
200 2447 408 2540 magnitudo
432 2471 615 2518 causarum
636 2448 850 2540 postulabat.
908 2445 992 2516 Non
1013 2446 1068 2514 vi·
1120 2468 1202 2518 uem
1224 2446 1408 2516 continere
1430 2448 1686 2520 confessionem
1706 2461 1742 2518 et
1762 2449 2035 2520 satisfactionem
2057 2474 2115 2520 ca-

69 2551 141 2626 deo
162 2561 300 2636 autem,
334 2549 534 2644 quidlibet
556 2549 727 2620 allaturus
752 2550 798 2620 sit
826 2548 999 2618 momenti
1024 2548 1068 2617 ad
1121 2547 1350 2636 stigatoriam.
1400 2545 1490 2620 Cum
1510 2563 1630 2642 postea
1652 2551 1697 2620 de
1716 2551 1936 2622 confessione
1958 2565 1993 2622 et
2014 2553 2115 2622 satis-

68 2651 254 2744 publicam
271 2651 515 2737 concordiam,
538 2651 609 2722 nisi
625 2663 721 2722 totus
733 2649 937 2742 recipiatur.
977 2647 1070 2720 Nam
1121 2649 1275 2720 factione
1296 2662 1436 2720 nostras
1452 2651 1642 2724 sententias
1658 2652 1944 2744 opposuerimus,
1977 2677 2116 2726 necesse

68 2749 112 2824 bi
135 2753 206 2848 ipsi
228 2753 370 2824 articuli
393 2753 431 2822 in
455 2753 567 2838 libro,
603 2753 633 2821 si
654 2753 914 2846 publicabitur,
947 2773 1071 2821 accen·
1122 2751 1190 2822 erit
1206 2745 1298 2822 hauc
1313 2765 1448 2844 partem
1464 2753 1569 2826 demi.
1619 2749 1671 2824 Et
1688 2775 1751 2846 per
1774 2777 1812 2824 sc
1833 2755 2028 2826 absurdum
2054 2770 2117 2838 cst,

68 2857 165 2928 dent
176 2877 272 2926 nova
288 2869 322 2927 et
337 2855 493 2946 iugentia
511 2855 713 2930 certamina.
763 2853 905 2925 Deinde
925 2875 945 2923 a
965 2851 1072 2924 nobis
1123 2853 1254 2942 fingere
1268 2867 1385 2946 partes
1407 2877 1481 2924 esse
1501 2854 1783 2925 mortificationis
1804 2857 2059 2928 confessionem
2085 2871 2116 2928 ct

70 2959 251 3054 quaedam
266 2957 452 3050 praeterita
466 2969 548 3028 sunt
560 2971 707 3052 propter
729 2979 825 3048 spem
850 2955 1072 3040 concordiae,
1123 2955 1409 3041 satisfactionem,
1429 2979 1510 3026 cum
1525 2956 1747 3028 mortificatio
1764 2957 1809 3029 sit
1824 2983 1912 3052 opus
1927 2958 2123 3050 spirituale,

69 3063 117 3132 de
133 3059 268 3156 quibus
281 3071 400 3132 umen
416 3057 570 3130 dixirrtus
591 3061 676 3154 quid
703 3059 901 3143 videretur,
935 3057 1072 3128 etiamsi
1124 3058 1296 3130 confessio
1319 3071 1353 3130 et
1377 3057 1566 3128 satisfactio
1591 3058 1662 3130 sint
1677 3081 1784 3150 opera
1801 3061 2034 3132 traditionum
2053 3057 2120 3132 lm-

71 3187 150 3234 nou
164 3161 399 3256 pugnaverim
409 3155 473 3256 ²⁸),
499 3173 540 3234 ut
555 3163 663 3232 verba
679 3161 931 3234 scriberentur.
981 3155 1072 3240 †De
1123 3184 1321 3234 manarum.
1379 3159 1518 3232 Scimus
1543 3174 1680 3246 autem,
1723 3183 1892 3252 magnum
1920 3165 2013 3234 inter
2036 3159 2120 3236 haec

70 3261 130 3336 his
149 3265 376 3336 uecesseerit
392 3264 609 3334 mentionem
625 3262 736 3334 fieri.''
1027 3259 1032 3264 ’
1124 3262 1314 3332 discrimen
1333 3283 1416 3336 esse.

176 3393 261 3470 Non
277 3397 642 3482 commendantem,
668 3411 708 3467 ut
723 3397 1074 3466 confirmationem.
1224 3377 1362 3450 Eodem
1387 3381 1484 3464 loco,
1514 3393 1554 3450 ut
1575 3380 1694 3450 fucosa
1716 3395 1891 3452 ornentur
1916 3383 2122 3454 satisfactio-

72 3503 143 3574 ctio
169 3499 336 3572 dicautur
356 3497 561 3569 infallibilia
584 3499 682 3588 signa
704 3499 848 3590 gratiae.
898 3495 1000 3588 Quae
1022 3507 1074 3566 cst
1124 3505 1203 3567 ¹1⁸⁸,
1225 3477 1687 3556 citaturPrutusacor.7.
1730 3479 1802 3553 Ubi
1820 3483 1859 3551 in
1877 3484 1948 3553 alio
1966 3481 2123 3580 seusu³⁰)

72 3601 296 3690 absurditas,
319 3597 385 3671 bos
400 3601 490 3674 ritus
509 3625 660 3695 aequare
675 3600 850 3693 baptismo
868 3611 1073 3692 autcoenae
1124 3585 1255 3676 legitur
1268 3607 1399 3652 nomen
1414 3582 1663 3654 satisfactionis
1678 3581 1717 3650 iu
1734 3585 1887 3677 quadam
1904 3585 2078 3660 versione.

73 3703 241 3777 limini?
285 3703 385 3798 (lum
415 3704 567 3772 ⁸lml¹⁸¹¹¹
603 3703 874 3794 Pfflml⁵⁵l⁰¹¹0¹¹¹
909 3695 1074 3770 habeam·
1225 3715 1279 3789 De
1302 3717 1530 3788 sacramentis
1555 3729 1649 3788 recte
1674 3715 1801 3788 dicunt
1825 3715 1883 3816 (ut
1908 3713 2009 3815 nos),
2052 3743 2123 3788 non

75 3807 117 3878 lo
144 3809 224 3878 loco
246 3805 291 3876 de
312 3807 474 3876 libertate
494 3805 688 3874 voluntatis
709 3829 774 3874 nos
791 3803 994 3874 addidimus
1009 3825 1075 3872 an·
1126 3815 1284 3912 m0d0³¹)
1299 3843 1364 3912 pe,-
1378 3843 1418 3888 ,a
1437 3817 1625 3909 ,fignificafi
1642 3819 1814 3909 gratiam,
1839 3823 1899 3890 sed
1919 3821 2024 3890 ,fiam
2043 3843 2125 3890 mn,

74 3909 300 3980 notationem
320 3903 402 3990 'cde
424 3905 631 3998 impletione
653 3903 766 3996 legis”
789 3905 1011 4000 repudiatam
1029 3905 1075 3974 ab
1127 3922 1273 3994 cgififfli
1296 3915 1470 3990 homines,
1534 3919 1604 3992 sed
1627 3915 1686 3990 hic
1717 3945 1876 4014 expresse
1907 3923 1999 4013 apud
2032 3923 2126 4014 ipsos

76 4007 212 4098 Eccio,
244 4033 334 4104 quae
350 4021 468 4079 tamen
483 4007 553 4078 nisi
569 4023 705 4100 recepta
724 4021 758 4078 et
773 4005 941 4102 explicata
957 4005 1075 4091 fucrit,
1106 4017 1296 4096 petrarum
1311 4045 1466 4092 errorem
1482 4023 1594 4092 taxari
1610 4021 1788 4113 oportuit,
1821 4023 1917 4117 quod
1933 4022 2010 4104 tin
2024 4025 2126 4094 adul.

77 4129 148 4186 lola
164 4135 222 4184 res
239 4123 424 4184 everlelur·
1126 4125 1173 4198 tis
1195 4123 1326 4196 etiam”
1350 4135 1476 4218 putant
1501 4147 1540 4192 ea
1558 4148 1599 4193 ex
1615 4147 1722 4216 opere
1739 4139 1882 4216 operato
1898 4127 2045 4214 gratiam
2063 4127 2126 4195 ad-

177 4243 364 4316 Postremo
389 4245 426 4313 in
452 4243 650 4316 conciliatis
670 4245 781 4314 multa
809 4255 892 4314 sunt
916 4243 1076 4326 obscura,
1127 4229 1231 4298 ferre·

78 4349 252 4444 quaedam
280 4347 385 4418 ctiam
410 4347 664 4416 contumeliosa
686 4347 854 4416 adsersus
879 4365 959 4414 nos:
995 4343 1075 4414 ideo
1227 4343 1319 4416 Cum
1337 4337 1497 4438 igitnr’²)
1521 4341 1560 4410 iu
1580 4341 1737 4413 articulis
1761 4341 1824 4435 qui
1845 4341 2016 4414 dicuntur
2040 4367 2125 4412 con-

78 4475 150 4520 non
166 4447 318 4520 dubium
333 4459 401 4534 est,
426 4448 515 4542 quin
531 4447 634 4518 multi
651 4471 693 4516 ex
709 4447 839 4517 uostris
857 4469 916 4517 eos
933 4445 1005 4517 sint
1018 4469 1076 4516 re·
1127 4445 1239 4518 ciliati
1254 4458 1387 4517 restent
1411 4443 1583 4539 quaedam
1606 4433 1827 4514 emendanda
1851 4457 1885 4514 et
1908 4443 2127 4536 explicanda,

78 4549 273 4646 pudiaturi.
326 4547 368 4620 ln
382 4550 461 4622 loco
476 4553 520 4620 de
541 4549 787 4620 iustificatione
811 4549 882 4618 scio
904 4547 992 4642 quid
1013 4545 1075 4616 alii
1127 4573 1202 4619 uon
1216 4571 1360 4641 possum
1382 4546 1614 4639 comprobare
1636 4539 1842 4638 librum'³),
1869 4545 1940 4616 nisi
1964 4541 2020 4616 his
2040 4545 2126 4616 locis

80 4649 390 4760 reprehenderint,
422 4655 567 4744 scd·ego
584 4652 652 4723 alia
668 4651 839 4723 desidero.
891 4647 1074 4744 Nusquam

83 4891 283 4908 --····-··
1162 4867 1208 4936 tt)
1226 4865 1301 4920 Item
1314 4867 1409 4936 quate]
1422 4861 1484 4919 eod.
1497 4859 1568 4920 Gall.
1583 4859 1640 4917 Nea
1653 4863 1786 4928 eddium
1807 4863 1877 4930 quid
1888 4865 1924 4917 rit
1939 4863 2123 4918 sentiendum.

112 5141 159 5208 ¹2l
176 5143 298 5210 ΨΒ]
312 5139 374 5196 ⁰⁰⁸·
386 5136 459 5194 ⁶²¹¹·
472 5137 632 5206 “mim
1161 5169 1208 5240 80)
1224 5176 1320 5238 erm]
1338 5167 1402 5224 cod.
1416 5163 1489 5224 Gall.
1505 5165 1655 5218 cistellam.

112 5241 156 5312 ”l
174 5239 283 5312 dm]
296 5237 359 5296 ωδ·
371 5233 442 5292 ⁶¹¹¹·
452 5235 577 5290 ‘ww’
1161 5271 1209 5340 et)
1227 5273 1326 5340 morlo]
1339 5267 1404 5325 cod.
1417 5263 1489 5324 Gall.
1501 5271 1623 5320 uatum

113 5347 160 5416 il)
177 5355 231 5402 eut
242 5345 384 5416 mmm
397 5352 450 5398 etc.
463 5357 520 5396 uera
533 5337 612 5394 babet
625 5335 685 5394 eod.
699 5333 773 5394 Gall.
1159 5369 1210 5442 ⁸2)
1226 5371 1288 5426 pa·
1302 5367 1373 5423 cum
1385 5381 1462 5434 ‘¹⁹8⁰-

113 5453 158 5520 ”l
175 5451 277 5518 ml
290 5446 353 5504 ωδ·
367 5441 442 5500 0⁸¹¹·
455 5443 555 5496 ΜΝ·
1160 5469 1207 5540 88)
1226 5487 1284 5524 neu
1297 5457 1656 5536 malesuadus
1674 5477 1724 5516 uec
1744 5477 1809 5516 eom
1829 5461 1896 5516 titre·
1909 5471 2023 5528 partem
2040 5481 2117 5520 com.

114 5553 159 5626 ὃ)
179 5553 249 5608 cod
262 5547 335 5605 Gall.
348 5549 471 5603 etrr'mu
481 5543 678 5614 paruerimus.
1192 5542 1316 5608 praem
1328 5551 1455 5604 meeum.

86 5633 259 5700 llasarra.
275 5629 378 5696 Orsa.
406 5627 489 5692 Vor..
505 5621 562 5690 IV.
1242 5611 1292 5684 27
