4734 6270
315 326 392 404 era
619 261 626 270 ’
673 365 677 376 ,
895 311 1336 400 astaronanuu
1383 317 1494 406 aaa.
1520 317 1625 406 vnn
1673 317 1809 404 1641.
2261 337 2314 416 tn

321 495 467 598 blicai')
489 494 730 572 Ecclesiam
749 507 786 568 et
808 487 1011 568 scholarum
1030 493 1167 566 excidia
1182 506 1322 566 metne-
1371 495 1491 590 seopl,
1520 495 1685 588 eleg-atla
1703 489 1898 586 Palatini,
1923 509 1959 572 et
1980 491 2315 582 aMoreiss'onellnn·

323 617 422 692 rcnt,
459 603 528 698 ipsi
552 613 671 674 tamen
692 597 873 672 doctrinae
895 597 1114 692 corruptelas
1135 597 1321 688 fugiendas
1370 598 1545 691 deuburg.
1565 595 1747 674 Electores
1775 614 1821 674 nt
1841 601 2021 676 conciliati
2042 603 2173 678 amuli
2190 631 2316 702 conpro-

306 727 398 796 ¹esse
416 705 631 780 sentiebant.
687 697 763 774 Nec
782 695 822 772 bi
846 711 987 772 tastum
1009 723 1053 772 eo
1075 701 1322 785 movebantur,
1371 702 1520 784 beatur,
1543 701 1957 776 unedredidsnuesd
1973 707 2143 800 synodum
2163 723 2218 782 snt
2233 712 2316 784 aliun

321 809 422 902 quod
445 807 613 880 omnibns
635 801 804 900 periculis
837 801 1068 874 anteferenda
1096 802 1144 874 sit
1175 801 1320 872 veritas:
1370 815 1599 879 conventum.
1646 802 1699 876 Hi
1721 807 1818 878 enim
1837 807 2086 900 disputabant,
2107 809 2258 902 paulatin
2275 837 2317 886 oo-

243 907 251 920 ’
301 901 383 982 'sert
407 911 513 982 etiarn
538 905 608 982 boc
630 905 914 978 considerabant.
971 901 1134 976 Primum
1155 903 1322 974 modera-
1369 905 1483 978 ituras
1506 905 1547 976 in
1569 907 1797 980 concordiam
1808 905 2004 1000 Ecclesiae,
2034 909 2066 980 si
2087 913 2229 1008 aequitas
2242 911 2317 984 adbi-

308 1023 415 1083 'tores
436 1035 578 1106 pacem,
601 1031 710 1104 quarn
730 1007 984 1092 ostendebant,
1013 1029 1089 1076 non
1112 1005 1322 1098 impetratu·
1369 1008 1531 1080 beretur:
1559 1021 1594 1082 et
1615 1009 1840 1082 conscientiis
1864 1011 2030 1102 piorum,
2054 1035 2142 1108 quae
2160 1015 2318 1088 desiderent

320 1137 380 1185 ros
395 1137 487 1201 esse,
512 1111 584 1184 nisi
610 1125 724 1184 totum
740 1133 851 1204 purae
866 1108 1049 1180 doctrinae
1064 1129 1174 1200 genus
1190 1107 1322 1180 abiice-
1370 1111 1598 1206 quorundam
1633 1109 1771 1184 choum
1814 1111 2026 1185 vitiosorum
2064 1115 2318 1202 emendationem,

318 1239 451 1294 remus.
500 1213 643 1288 Deinde
657 1211 891 1284 domesticum
908 1211 1320 1300 consensum-tuendum
1370 1213 1628 1284 consulendum
1650 1236 1736 1290 esse.
1787 1211 1911 1286 Tertia
1932 1214 2003 1286 fait
2026 1217 2193 1288 sententia
2212 1231 2319 1290 noran

320 1303 413 1406 esse,
446 1343 527 1392 cum
546 1327 683 1388 constet
705 1313 895 1410 plerosque
920 1313 1019 1384 domi
1040 1312 1320 1406 pacificationem
1369 1338 1471 1402 rum,
1494 1312 1579 1386 Non
1592 1309 1806 1408 reprehendi
1822 1316 1990 1388 articulos
2011 1317 2222 1406 conciliatos,
2240 1321 2265 1390 si
2282 1335 2320 1390 ta·

176 1455 183 1463 ·
320 1417 414 1492 banc
439 1423 496 1492 sel
522 1443 604 1492 cum
626 1441 824 1512 paucorum
853 1413 1084 1486 articulorum
1109 1413 1322 1508 corruptelis
1369 1439 1453 1488 men
1475 1415 1516 1486 in
1538 1411 1595 1487 his
1616 1418 1791 1512 quaedam
1815 1418 1981 1508 arnbigua
1995 1419 2131 1492 diserte
2146 1421 2321 1514 explicaren-

323 1523 551 1608 coniunctam
572 1519 764 1628 asperrime
784 1511 1061 1610 reprehensuros
1082 1530 1118 1588 et
1137 1515 1321 1610 improba·
1370 1531 1441 1592 tur.
1490 1513 1685 1590 Addebent
1700 1534 1734 1590 et
1748 1520 1793 1592 de
1806 1521 2058 1592 controversiis
2072 1545 2145 1592 non
2158 1523 2320 1614 diremptis:

200 1673 202 1680 ι
262 1629 266 1640 “
323 1640 424 1698 turos
447 1649 533 1700 esse.
583 1621 788 1706 Postremo,
812 1631 993 1691 secuturas
1015 1641 1089 1690 esse
1112 1641 1258 1708 magnas
1282 1618 1320 1688 in
1370 1643 1406 1690 se
1423 1619 1580 1692 iudicare
1596 1621 1941 1712 articulosanostris
1961 1621 2004 1694 in
2025 1623 2197 1718 colloquio
2217 1621 2321 1694 erhibi·

323 1729 454 1798 nostris
474 1723 642 1798 Ecclesils
662 1722 868 1795 discordias.
929 1717 995 1790 llla
1028 1745 1113 1792 vero
1148 1721 1321 1814 promissa
1370 1735 1444 1808 tos,
1468 1745 1586 1794 veros:
1613 1737 1648 1794 et
1662 1723 1713 1796 ita
1730 1725 1910 1800 moderate
1929 1725 2081 1816 scriptos
2105 1749 2194 1814 esse,
2214 1741 2250 1798 ut
2265 1751 2321 1816 spe-

324 1831 369 1900 de
392 1854 499 1900 aureo
517 1826 654 1909 seculo,
680 1838 715 1896 et
737 1826 781 1894 de
804 1823 1074 1910 reformatione,
1107 1845 1181 1894 non
1200 1821 1323 1912 magni
1370 1837 1454 1896 rent
1469 1824 1564 1896 sanis
1577 1825 1719 1896 indiciis
1734 1825 1974 1898 satisfacturos
1988 1849 2076 1902 esse.
2124 1824 2169 1900 Et
2182 1827 2253 1922 quia
2271 1829 2322 1896 ius·

223 1921 229 1942 ’
324 1932 517 2013 faciebant:
554 1927 652 2021 quod
670 1925 878 1996 viderentur
901 1947 992 2011 esse,
1023 1940 1064 1998 ut
1085 1917 1323 2020 inquitThu·
1370 1939 1464 1998 serat
1479 1923 1678 2020 Imperator
1693 1922 1853 1998 exbiberi
1876 1927 2168 2000 deliberationem
2185 1931 2225 2000 de
2240 1931 2322 2000 refor-

323 2036 488 2132 tydides,
516 2033 639 2124 σχῆμα
658 2023 848 2100 πολιτικὸν
864 2017 990 2124 λόγου.
1370 2027 1527 2100 motione
1540 2025 1737 2114 Ecclesiae,
1762 2029 1893 2100 adiecti
1907 2043 1993 2102 sunt
2003 2031 2119 2104 libelli
2131 2033 2173 2102 de
2185 2033 2322 2122 guberna·

428 2195 594 2272 Tandem
624 2197 736 2288 igitur
755 2187 981 2268 Moschioni
1003 2197 1238 2287 respondetur
1261 2219 1320 2263 ve.
1370 2143 1469 2202 “⁰¹¹⁸
1483 2127 1735 2206 Ecclwmm·

328 2305 502 2385 reconde,
523 2297 588 2372 bas
605 2301 649 2371 de
665 2297 812 2392 reliquis
830 2297 1078 2369 controversiis
1093 2297 1322 2367 deliberatio-

326 2432 390 2480 nes
405 2405 618 2476 differendas
636 2423 728 2486 esse,
749 2403 862 2470 donce
877 2425 896 2468 a
912 2397 1141 2490 Principibus
1165 2397 1203 2466 in
1225 2411 1323 2468 utru-

327 2535 395 2606 que
418 2523 517 2600 parte
537 2503 730 2576 sententiae
754 2503 798 2572 de
824 2501 1002 2592 prioribus
1026 2501 1185 2571 articulis
1209 2501 1323 2570 dictae

324 2627 459 2708 essent,
484 2611 528 2680 de
544 2607 674 2702 quibus
688 2603 847 2676 fortassis
869 2603 1126 2675 collocutorum
1149 2601 1323 2672 iudicium

325 2711 443 2785 neutri
456 2701 720 2806 satisfaciat'),

1472 2261 1565 2335 Cum
1577 2287 1662 2336 vero
1676 2261 1886 2356 Principum
1909 2267 2106 2336 sententiae
2124 2267 2211 2338 inter
2225 2289 2254 2336 se
2275 2291 2323 2334 troo

1370 2379 1616 2458 congruerent,
1642 2363 1849 2458 imperator,
1867 2391 1912 2436 ne
1927 2369 1971 2438 de
1986 2393 2123 2440 summa
2139 2367 2188 2439 rei
2200 2370 2265 2461 ipse
2277 2383 2323 2436 sta

1370 2481 1469 2538 tuere
1491 2469 1691 2554 rideretur,
1722 2469 1940 2539 cardinalem
1962 2459 2208 2540 Contarenum
2228 2465 2324 2562 ipset)

1371 2565 1529 2644 adhibet.
1575 2567 1701 2640 llic-ut
1717 2565 1865 2640 honesto
1882 2569 2064 2664 praetextu
2081 2571 2255 2644 conamina
2270 2571 2325 2640 liui-

1371 2685 1515 2755 rentur,
1540 2671 1710 2764 proponit
1725 2673 1890 2765 scriptam
1905 2675 2135 2756 sententiam,
2160 2675 2195 2744 in
2216 2699 2273 2770 qua
2288 2673 2325 2742 iu-

1372 2773 1432 2843 bet
1454 2787 1566 2844 totam
1584 2774 1641 2842 sel
1662 2773 1836 2865 integram
1858 2797 2015 2846 cannam
2046 2778 2178 2847 servari
2198 2775 2325 2847 Boream
2350 2829 2351 2852 ,

428 2877 509 2956 Etsi
521 2894 638 2952 autem
656 2890 711 2950 tot
732 2879 993 2948 controversiae
1015 2875 1174 2970 reliquae
1196 2869 1324 2970 non²²)
1372 2874 1549 2966 pontifici,
1574 2899 1614 2946 ac
1629 2889 1722 2946 vetat
1738 2877 1778 2944 in
1794 2891 1973 2948 conventu
1986 2881 2031 2950 de
2048 2874 2106 2950 his
2120 2881 2218 2948 rebus
2230 2879 2326 2950 iterun
2350 2925 2351 2936 r

329 3001 430 3063 erant
451 2987 667 3074 diremptae,
699 2993 820 3050 tamen
841 2965 986 3048 Caesar
1008 2977 1107 3048 iubet
1133 2979 1172 3047 in
1199 2991 1324 3048 senatu
1371 2976 1556 3068 disputari.
1584 2973 1753 3070 ·thuia
1770 2977 1885 3048 luerat
1902 2983 2085 3050 contentio
2109 2985 2152 3052 de
2172 2977 2351 3071 resanaret

329 3090 539 3181 Principum
556 3081 747 3154 sententias
763 3079 834 3150 dici
849 3081 894 3148 de
908 3079 1014 3152 libro.
1062 3075 1132 3148 llic
1152 3073 1324 3148 dast·
1372 3078 1775 3171 articnlisrecipiendis,
1800 3101 1890 3174 quos
1911 3083 2009 3152 risen
2030 3093 2085 3153 est
2110 3073 2327 3152 anteaConla·

330 3189 456 3266 sartae
482 3181 695 3260 Guilelmus
720 3181 846 3254 recitat·
868 3181 913 3250 de
935 3179 1068 3274 scripto
1091 3181 1232 3271 longam
1253 3182 1325 3250 cri-
1374 3201 1481 3250 renas
1497 3203 1572 3250 non
1586 3179 1804 3272 improbare:
1830 3183 2004 3255 adductus
2026 3199 2079 3256 est
2101 3181 2327 3276 importunitate

328 3293 563 3370 minationem
580 3309 719 3368 corum,
735 3283 799 3376 qni
813 3282 966 3374 amplexi
982 3296 1065 3352 suut
1080 3279 1323 3372 Augustanam
1373 3278 1496 3367 Eecii,
1527 3295 1570 3352 ut
1593 3283 1744 3352 alterurn
1768 3283 1938 3376 scripturn
1962 3301 2193 3378 proponeret,
2225 3285 2327 3376 inquo

328 3393 598 3472 confessionem.
649 3383 788 3460 Deinde
814 3399 848 3456 et
869 3375 966 3454 hune
986 3383 1119 3456 librum
1139 3411 1159 3454 a
1175 3381 1324 3456 Caesare
1372 3383 1502 3456 diserte
1516 3383 1654 3477 inquit,
1677 3408 1714 3454 se
1727 3385 1773 3454 de
1786 3385 2035 3458 conciliatione
2057 3413 2137 3458 non
2150 3385 2327 3480 pronuncia·

328 3501 490 3574 oblatum
522 3513 667 3588 prorsus
699 3485 826 3561 reiicit.
882 3479 1011 3556 Censet
1043 3482 1180 3556 nullam
1214 3485 1324 3558 ullius
1371 3511 1426 3569 re,
1450 3486 1773 3577 necprobareeos‚
1797 3488 1858 3561 sed
1879 3487 2084 3584 relinquere
2104 3483 2328 3560 iodiciumllo

328 3599 511 3696 opinionis
533 3589 787 3666 correctionem
812 3601 873 3660 aut
901 3587 1203 3674 moderationem,
1241 3587 1324 3658 nul·
1372 3611 1478 3658 mono
1500 3585 1671 3680 pontifici.
1708 3585 1959 3669 ,Mirabantur
1977 3592 2085 3666 malti
2104 3579 2329 3666 Contensem.

328 3707 399 3776 tam
423 3703 542 3790 legum
561 3691 824 3788 pontificiarum
850 3687 1107 3780 mitigationem
1133 3689 1325 3760 admitten-
1372 3713 1453 3758 ctrnr
1467 3703 1503 3758 et
1517 3688 1700 3760 doctrinae
1712 3684 1937 3765 Christianae
1957 3693 2192 3784 peritissimus
2211 3715 2272 3762 esse
2288 3687 2328 3756 di·

327 3810 411 3876 dam
435 3825 524 3872 esse:
561 3791 657 3868 nihil
676 3793 943 3866 concedendum
966 3791 1195 3876 adversariis,
1227 3789 1324 3885 qnod
1372 3803 1528 3874 seretur,
1559 3803 1593 3860 et
1623 3791 1794 3881 singulari
1819 3794 1989 3882 gravitate
2013 3807 2051 3866 et
2073 3795 2202 3866 virtute
2223 3789 2327 3886 praeli·

327 3909 502 3998 discrepet
516 3899 561 3970 ab
577 3895 717 3970 usitatis
736 3893 991 3990 opinionibus,
1015 3908 1074 3966 aut
1095 3891 1325 3964 caeremoniis
1372 3905 1429 3962 tus
1454 3915 1530 3962 non
1548 3892 1661 3964 libere
1688 3894 1846 3985 profiteri
1860 3897 1958 3986 qsrod
1973 3897 2134 3972 sentiret.
2181 3895 2328 3968 Namnn

329 4023 544 4080 caeterarum
566 3997 764 4070 nationum.
820 3992 918 4066 Haec
940 4017 1079 4066 summa
1101 3993 1171 4064 fuit
1192 3995 1325 4064 oratio-
1372 4017 1497 4064 omnes
1513 3991 1709 4066 Christiani
1730 4008 1765 4066 rt
1786 3995 1982 4086 intelligere
1997 4021 2225 4070 communem
2238 3991 2328 4066 Erat-

328 4111 387 4182 uis
402 4103 540 4180 domini
556 4091 807 4192 Gnileimi'h,
833 4097 891 4166 cui
913 4097 1197 4168 assentiebantur
1215 4095 1325 4188 pleri-
1371 4095 1456 4185 gelii
1471 4095 1669 4166 doctrinam
1684 4097 1830 4178 debent:
1846 4109 1921 4166 tum
1938 4123 2022 4168 vero
2034 4099 2187 4170 muime
2203 4097 2273 4180 illis,
2285 4093 2328 4188 qt?
2349 4171 2350 4180 ἒ

328 4235 397 4310 que
422 4205 694 4301 Episcoporum.
755 4199 833 4272 Hos
864 4211 906 4270 ut
931 4199 1154 4270 confirmaret
1177 4188 1325 4284 Eccius,
1373 4197 1504 4290 primas
1518 4197 1556 4266 in
1569 4193 1728 4268 Ecclesia
1748 4207 1869 4268 tenent
1895 4213 1930 4270 ct
1956 4193 2350 4290 grammanesdorf,

326 4313 425 4386 arrisit
447 4311 492 4380 ad
517 4319 679 4378 senatum
704 4299 913 4394 Principum
947 4301 1092 4370 brevem
1126 4299 1324 4391 epistolam,
1371 4323 1437 4370 nae
1450 4321 1524 4370 esse
1538 4298 1680 4385 volunt,
1706 4301 1883 4386 convenit,
1907 4313 2028 4392 aperte
2038 4325 2141 4376 suam
2155 4295 2350 4374 sententian]

327 4417 367 4484 in
382 4437 453 4508 qua
468 4409 645 4502 improbat
663 4405 813 4476 librum:
841 4425 880 4472 ac
896 4396 1114 4498 testatur²'),
1138 4423 1322 4498 nunquam
1370 4402 1566 4476 ostendere.
1599 4397 1673 4472 Nec
1692 4403 1878 4474 continent
1891 4403 2034 4474 artiruh
2049 4404 2225 4479 conciliati
2237 4401 2330 4470 inanes
2349 4447 2350 4492 ,

329 4517 399 4587 sibi
419 4511 608 4606 placuisse,
632 4517 816 4602 propterea
840 4503 934 4598 quod
959 4527 1094 4574 errores
1117 4505 1323 4574 nonferen-
1371 4502 1545 4592 argutias,
1577 4504 1639 4572 sed
1662 4523 1718 4576 ret
1739 4525 1902 4592 magma,
1934 4519 1969 4576 et
1993 4501 2175 4578 Ecclesiae
2205 4497 2350 4574 arscessa-l

328 4621 394 4690 dos
409 4615 621 4684 contineret:
649 4633 713 4678 nec
728 4605 767 4676 in
784 4605 963 4700 loquendo
980 4617 1185 4698 sequeretur
1200 4599 1322 4674 Theo·
1372 4605 1457 4677 rias:
1483 4617 1525 4676 ut
1538 4603 1582 4677 de
1598 4598 1726 4676 morbo
1741 4604 1912 4694 originis,¹
1928 4607 1975 4676 de
1989 4607 2156 4680 libertate
2171 4601 2329 4678 voluntatis

328 4723 490 4810 togarum
523 4709 671 4806 phrasin
703 4723 737 4780 ct
769 4706 1074 4780 consuetudinem.
1142 4703 1324 4776 Dicuntur
1372 4701 1565 4786 humanae,
1605 4719 1640 4780 rt
1665 4706 1733 4776 fide
1763 4707 1976 4780 turnacense
2003 4725 2151 4802 propter
2170 4703 2329 4780 Christum.

328 4817 521 4896 sententiae
537 4811 789 4884 moderatiores
811 4835 830 4880 a
846 4807 970 4898 legatis
986 4795 1222 4878 Coloniensis
1245 4809 1323 4900 epi·
1370 4809 1415 4878 de
1432 4807 1627 4878 retinendis
1643 4805 1768 4878 officiis
1781 4805 2043 4902 Episcoporrttn
2064 4813 2260 4891 stallorum
2271 4827 2329 4894 stt·

740 4937 747 4946 ·
1370 4913 1482 4978 duum
1499 4904 1838 4984 Ecclesiasticorum.

329 5027 550 5052 Μ

1472 5037 1541 5110 Sed
1566 5067 1636 5135 quo
1659 5041 1807 5112 consilio
1829 5065 1930 5112 suam
1955 5045 2167 5118 sententiam
2181 5037 2327 5116 Contere-

361 5177 408 5236 ες)
426 5171 513 5228 Mart.
531 5165 800 5234 nectonprmte.
1371 5165 1442 5210 nas
1465 5143 1667 5226 occultarit,
1699 5137 1792 5212 nihil
1814 5145 1860 5214 ad
1881 5169 1946 5215 nos
1969 5147 2114 5220 attinet:
2140 5149 2328 5218 sederemus

362 5263 409 5332 26)
426 5259 513 5314 Perre.
525 5253 636 5308 ttetstrt's
649 5247 814 5320 satisfaciet.

358 5351 405 5420 27)
425 5343 509 5400 reue.
529 5337 594 5392 test
602 5343 700 5388 uestem
713 5333 820 5386 mattae
831 5334 1037 5386 cenassemus
1049 5337 1188 5388 nondam
1375 5365 1577 5378 .....-...‚

361 5435 407 5496 28)
426 5419 665 5484 Peenameus.
684 5417 803 5476 Proser:
823 5415 988 5470 Baocra'eoe.

363 5517 411 5600 39)
430 5513 518 5570 flaul.
533 5507 702 5564 testabatur.
1407 5505 1452 5574 80)
1474 5507 1531 5572 ipss
1544 5525 1600 5562 non
1617 5505 1695 5562 babet
1710 5507 1791 5565 Pane.
