4778 6264
189 475 194 482 Ι
311 365 386 440 ιιι
879 353 1323 438 rrisroiaiiuu
1375 355 1615 436 iiiiviii.
1670 355 1803 438 1641.
2063 441 2070 458 ,
2261 369 2317 444 ιιι

312 542 357 616 ad
378 560 414 608 se
435 529 580 607 trahens
594 524 790 602 Ecclesiam
805 523 953 614 Christi,
976 521 1199 623 unitatem‘')
1215 549 1315 598 nim·
1365 525 1492 600 Esaiae
1510 529 1544 603 1.
1595 527 1667 602 Sed
1682 542 1820 602 tantum
1835 541 1876 601 ut
1890 531 1962 603 sint
1976 529 2193 604 incitamenta
2213 543 2320 610 etreti·

311 651 419 738 peret·
476 635 576 706 luter
588 628 785 725 Episcopos
807 655 954 728 quoquc·
973 631 1143 726 cuiusque
1165 629 1314 721 pros-in-
1365 629 1492 705 nacula
1515 629 1673 724 pietatis,
1698 643 1739 714 ut
1764 633 1885 704 omnia
1907 634 1947 702 in
1961 629 2117 704 Ecclesia
2131 637 2201 728 pic,
2222 637 2321 708 duca

317 745 392 816 ciac
413 759 507 810 unus
524 729 841 828 Archiepiscopus,
865 731 927 828 qui
951 743 985 804 et
1001 731 1315 824 Metropolitanus,
1365 744 1441 818 ter,
1472 727 1620 802 honeste
1637 747 1672 804 et
1689 733 1816 805 ordine
1830 736 1918 806 fiant
1939 729 2128 810 lOorintb.
2138 733 2192 810 tt.
2244 737 2321 826 Qine

316 859 352 918 et
376 843 470 911 inter
497 833 793 928 Metropolitanos
810 828 1035 904 patriarchae
1063 855 1125 904 seu
1141 831 1314 904 Primates
1365 833 1452 904 tales
1481 857 1623 928 quoque
1648 847 1772 921 emnt,
1809 859 1855 906 iie
1881 837 2059 907 ullatenus
2080 837 2123 907 ab
2145 833 2322 929 Evangelia

316 939 500 1018 constituti
515 949 616 1024 suut,
639 935 702 1032 qui
715 935 821 1008 initio
838 949 908 1006 tres
921 947 1061 1006 tantum
1076 933 1316 1004 numeraban-
1365 933 1518 1026 puritate
1539 947 1573 1004 et
1587 935 1813 1027 simplicitate
1828 936 2055 1024 dissentiant,
2080 939 2169 1008 neve'
2189 941 2322 1034 laqueum

246 1082 250 1090 ·
314 1063 393 1132 tur,
426 1041 632 1124 Romanus,
663 1032 929 1121 Antiochensis,
967 1049 1002 1108 ct
1033 1035 1310 1120 Alexandrinus,
1365 1035 1590 1106 conscientiis
1612 1035 1794 1124 iniiciant,
1834 1051 1868 1110 et
1890 1036 2112 1112 Christianae
2142 1035 2226 1110 nihil
2244 1043 2323 1112 dcio

315 1149 480 1241 Quorum
504 1139 688 1214 Romanus
711 1139 821 1210 veluti
837 1133 1049 1210 Cathedram
1063 1135 1161 1210 Petri
1182 1135 1314 1206 vicaria
1364 1152 1448 1230 gent
1464 1137 1631 1210 libertati.
1660 1137 1814 1214 1Cor.7.

316 1245 534 1324 successione
557 1239 742 1328 obtinens,
772 1239 911 1310 Primas
937 1238 1112 1310 iudicatus
1134 1253 1205 1322 est,
1239 1259 1314 1306 non
1465 1269 1629 1345 Libertas
1645 1287 1761 1344 amem
1776 1267 2032 1347 Christianam
2049 1272 2117 1346 boc
2140 1269 2326 1366 potissimum

315 1351 413 1448 quod
428 1345 598 1438 dignitate
614 1342 802 1412 sacerdotii
819 1355 972 1412 caeteros
986 1339 1227 1424 antecelleret,
1252 1341 1312 1408 sed
1365 1373 1430 1446 ,im
1449 1387 1516 1458 m,
1542 1387 1602 1460 ut,
1625 1373 1709 1468 quia
1730 1375 1840 1464 grafia
1856 1371 1991 1450 Christi
2014 1373 2094 1448 lesu
2119 1389 2153 1445 et
2171 1375 2328 1446 donam

314 1445 681 1572 m⁸dl⁸f¹¹jllllludine
712 1441 968 1562 ⁸⁰ll⁰ll¹¹di¹¹lffa
1009 1455 1045 1512 ⁰²
1071 1439 1314 1533 Praemssatlffl
1364 1471 1521 1567 Spiritus
1547 1475 1665 1546 sancti
1694 1500 1714 1546 a
1746 1476 1927 1548 coactione
1957 1477 2044 1570 legis
2067 1477 2204 1548 liberati
2225 1499 2328 1551 sunus.

314 1553 596 1634 lurisdictionis,
626 1559 667 1617 ut
692 1539 870 1616 Ecclesiae
892 1557 1011 1614 unitas
1036 1553 1315 1627 conservaretur,
1364 1577 1459 1648 ultro
1480 1576 1648 1648 faciem„
1669 1601 1759 1672 quae
1783 1577 1855 1652 Lex
1879 1577 2026 1652 morali,
2050 1579 2236 1672 praecipit,
2263 1579 2329 1648 5012.

316 1653 475 1730 michel·
1364 1701 1443 1748 mus
1465 1677 1636 1750 iustitiam
1659 1693 1835 1760 nostram,
1871 1705 1960 1774 quae
1980 1679 2183 1774 spiritualis
2202 1703 2266 1748 esse
2284 1681 2329 1746 de.

416 1783 497 1856 11⁰⁰
520 1783 646 1853 Ordine
671 1781 739 1850 ῐῐὶθ
766 1777 960 1860 ωὓῑῠᾶῑῑθι
988 1791 1022 1848 ei
1041 1799 1104 1869 per
1119 1777 1313 1868 legitimam
1363 1780 1443 1866 bet,
1467 1779 1513 1852 ab
1529 1779 1682 1850 externis
1699 1781 2005 1854 observationibus
2019 1807 2096 1854 uon
2113 1784 2266 1876 pendere,
2287 1783 2329 1848 sed

317 1887 572 1964 successionem
593 1877 851 1978 Episcoporum
875 1894 1097 1962 conservato,
1129 1879 1312 1948 vinculum
1365 1904 1423 1952 eas
1443 1881 1532 1954 sicut
1556 1895 1701 1974 propter
1718 1883 1945 1954 retinendam
1966 1898 2001 1958 et
2021 1883 2234 1956 fulciendam
2253 1881 2332 1950 fidem

317 1993 409 2062 illud
430 1985 585 2060 caritatis
616 1983 783 2054 omnibus
807 1977 1090 2055 Charismatibus
1120 1978 1314 2072 superemi-
1365 1981 1590 2054 infirmorum
1616 1997 1651 2054 et
1673 1985 1852 2056 caritatem
1878 1985 2059 2058 institutae
2073 1999 2176 2072 sunt,
2199 1985 2245 2054 ita
2265 1983 2331 2052 cari.

317 2117 427 2178 nens,
451 2087 615 2182 inprimis
631 2086 802 2158 firmatur.
853 2081 961 2172 Quod
978 2079 1144 2154 irenaeus
1165 2081 1260 2154 libro
1279 2081 1314 2153 δ.
1366 2085 1431 2154 tati
1451 2085 1574 2158 cedere
1597 2085 1743 2168 debere,
1775 2099 1880 2185 atque
1902 2088 2029 2172 etiam,
2057 2089 2161 2160 sires
2177 2088 2223 2158 ita
2236 2099 2332 2178 postu-

317 2209 352 2268 et
367 2191 404 2266 4.
418 2203 540 2266 contra
559 2183 720 2258 haereses
735 2207 836 2278 saepe
853 2197 999 2256 testatur
1013 2207 1052 2254 ac
1067 2185 1180 2255 docet.
1365 2187 1439 2258 lare
1454 2185 1613 2274 videtur,
1638 2185 1715 2267 sine
1732 2203 1873 2282 peccato
1889 2189 2008 2268 omitti
2023 2213 2148 2282 posse,
2174 2190 2220 2260 ita
2233 2202 2333 2260 tamen.
2378 2249 2379 2262 ,

417 2323 605 2420 Caeterum
643 2333 685 2390 ut
725 2317 909 2390 vinculum
945 2319 1040 2388 istud
1056 2311 1099 2412 ⁷⁰)
1138 2313 1312 2398 caritatis,
1364 2287 1396 2358 si
1430 2285 1523 2359 absit
1555 2303 1588 2359 et
1624 2287 1829 2360 scandalum
1860 2305 1895 2360 et
1931 2304 2145 2368 contemtus.
2191 2287 2294 2360 Lucae
2309 2285 2335 2356 h

318 2431 433 2528 quod,
457 2441 498 2498 nt
512 2419 734 2514 Augustinus
749 2421 817 2506 ait,
842 2420 1028 2512 proprium
1045 2432 1096 2490 esp
1110 2411 1313 2488 Catholicae
1365 2387 1469 2460 Tunc
1484 2389 1579 2460 enim
1594 2413 1731 2508 semper
1744 2389 1825 2509 plus
1840 2391 1932 2462 illud
1946 2393 2053 2464 valet:
2078 2389 2335 2466 Misericordiam
2378 2391 2379 2394 ’

316 2527 496 2606 Ecclesiae
516 2525 671 2610 donum,
703 2522 923 2592 commodius
947 2521 1180 2604 retineretur,
1206 2512 1314 2589 Chri·
1364 2491 1467 2576 V⁰l⁰2
1490 2505 1613 2564 “⁰⁰¹¹
1634 2491 1860 2580 ⁵³⁰f¹fl⁶¹11m2
1884 2489 2014 2570 Mallh.
2033 2495 2095 2570 12.

318 2647 393 2704 stus
414 2627 587 2701 ministris
607 2638 642 2695 ct
659 2619 837 2694 Ecclesiae
868 2645 951 2692 suae
980 2635 1188 2714 potestatem
1221 2617 1314 2702 iecit,
1466 2621 1646 2696 flattena,
1662 2627 1706 2695 de
1719 2623 1898 2700 Ecclesiae
1920 2629 2016 2700 ,Μὴ
2035 2643 2070 2701 e,
2097 2629 2278 2702 amorim
2295 2648 2335 2712 gb

317 2733 480 2832 politiam
502 2725 783 2800 Ecclesiasticam
804 2723 1015 2808 ordinandi,
1054 2745 1143 2816 quae
1176 2722 1215 2790 in
1245 2719 1314 2811 piis
1365 2725 1516 2796 umatim
1532 2727 1666 2798 dictum
1684 2741 1747 2800 est.
1755 2724 1796 2824 ⁷¹)

318 2829 528 2908 ceremoniis
544 2842 578 2900 et
593 2827 780 2921 disciplina
796 2821 1042 2896 Ecclesiastico
1059 2822 1227 2894 consistit.

419 2965 497 3040 lam
523 2961 619 3060 quod
645 2963 690 3032 ad
706 2959 922 3032 ceremonias
938 2957 1082 3044 attinet,
1106 2957 1315 3026 mandatum
1822 2963 1903 3039 xx,

317 3073 456 3190 habent,
476 3083 512 3140 ‘l
535 3075 742 3158 mmmm
760 3061 830 3182 ,qni
850 3061 1069 3180 pr³²⁸ld,⁰.¹¹l’
1100 3059 1234 3128 nedum
1248 3053 1315 3176 (ἔθ’
1366 3098 1538 3180 Dogmata
1559 3101 1720 3182 quaedam
1741 3120 1826 3182 picae
1848 3097 2020 3162 Ecclesiae
2040 3107 2236 3166 autoritate
2254 3101 2341 3160 decta·

319 3191 512 3258 remonias,
535 3189 622 3262 quas
635 3165 682 3236 ad
696 3165 916 3236 excitandam
930 3161 1224 3253 retinendamque
1239 3181 1316 3249 pie·
1677 3195 1774 3262 mm,
1794 3181 1944 3268 fimum
1961 3197 2048 3250 mm·

318 3291 427 3348 tatem
442 3273 555 3343 lacere
571 3265 858 3348 arbitrabuntur,
880 3263 1018 3333 ordinis
1033 3275 1069 3332 et
1080 3261 1218 3332 decoris
1232 3283 1316 3330 cau·
2020 3253 2024 3270 ’

319 3403 357 3450 sa
381 3369 639 3454 constituendi,
679 3369 741 3438 sed
768 3379 803 3436 et
823 3367 913 3436 ritus
934 3379 1095 3436 externos
1121 3363 1160 3430 in
1183 3360 1315 3432 divinis

318 3479 431 3551 literis
454 3493 651 3568 expressos,
681 3471 725 3538 ad
742 3465 845 3538 Fidei
866 3479 901 3536 et
916 3467 1070 3538 caritatis
1085 3464 1243 3554 regulam
1258 3462 1317 3534 di-

319 3579 461 3674 rigendi
476 3589 511 3647 et
520 3569 731 3656 exhibendi,
756 3593 796 3640 ac
810 3581 936 3662 prout,
960 3569 1155 3638 secundum
1179 3579 1317 3656 tempo-

319 3705 401 3754 rum
419 3704 459 3752 ac
472 3679 631 3748 locorum
642 3673 833 3756 rationem,
853 3669 1012 3740 fidelium
1026 3667 1131 3738 saluti
1153 3667 1316 3757 expedire

320 3799 356 3856 et
377 3781 535 3853 sufficere
556 3775 748 3856 'noi-erint,
783 3771 998 3864 disponendi
1028 3793 1067 3840 ac
1095 3767 1316 3840 moderandi.

321 3881 406 3974 Quo
429 3891 562 3974 spectat
590 3877 681 3946 illud
703 3871 908 3963 Evangelii,
949 3869 1044 3961 Quia
1074 3869 1242 3942 dominus
1266 3883 1317 3940 est

321 3985 415 4056 lilius
432 3977 607 4062 hominis,
633 3975 738 4047 etiam
762 3973 920 4058 sabbati,
944 3972 1061 4044 Lucae
1080 3971 1116 4042 6.
1167 3969 1257 4041 ltcm
1273 3971 1317 4040 de

322 4085 510 4180 disciplina
534 4077 642 4178 (quae
666 4101 687 4148 a
709 4075 806 4146 clave
826 4073 1085 4144 lurisdictionis
1108 4075 1257 4165 pendet,
1282 4085 1316 4142 ct

321 4191 397 4262 sine
414 4211 482 4282 qua
495 4179 730 4272 Evangelicus
755 4177 856 4268 vigor
877 4177 916 4244 in
926 4171 1083 4246 Ecclesia
1105 4199 1179 4245 non
1202 4173 1317 4244 subsi-
1368 4233 1393 4304 t,
1434 4233 1442 4250 ,
1589 4233 1637 4251 Η
1694 4235 1702 4250 ,
1950 4235 1959 4252 ⁸

287 4351 297 4374 .
321 4282 398 4386 stit)
422 4281 669 4360 constituenda
694 4303 735 4350 ac
748 4279 936 4369 diligenter
951 4277 1157 4362 retinenda,
1182 4275 1316 4368 praesi-
1384 4235 1515 4304 '‘¹¹¹³“
1532 4231 1735 4320 Tn¹¹¹¹³²¹i²
1761 4237 1805 4303 ‘¹²
1821 4237 2033 4329 iiqmlffll‘
2048 4261 2304 4329 P²f⁸⁰¹¹³ffl¹¹¹2
2322 4237 2356 4300 ‘l‘

322 4397 403 4478 des,
430 4414 469 4460 ac
492 4383 683 4460 obediendi
708 4379 914 4476 praepositis
927 4378 1081 4464 subditi,
1107 4379 1314 4450 mandatum
1368 4337 1507 4406 ⁶¹¹³bu⁸
1523 4337 1660 4406 ”³²⁰¹ss
1675 4349 1708 4406 ⁰²
1724 4337 1860 4408 ”filim
1883 4361 2055 4429 imme
2077 4339 2118 4408 ln
2136 4335 2304 4422 Christo,
2323 4337 2378 4414 dap

322 4489 455 4566 niseni
497 4483 717 4562 Hestiaia.
751 4473 1014 4555 icorinttitt.
1367 4437 1702 4556 duP¹³⁶³J⁰¹¹¹¹3¹³²²
1717 4431 1933 4558 inciam,
1956 4442 2001 4556 a.
2023 4457 2178 4558 pacato
2194 4439 2358 4532 ortgimt.

463 4545 473 4574 ’
1367 4540 1411 4608 de
1428 4539 1602 4630 baptismo
1620 4533 1880 4634 infantium⁷⁶),
1905 4555 1938 4610 et
1952 4543 2096 4614 similes.

1465 3317 1659 3392 Caeterum.
1670 3323 1843 3414 quaedam
1857 3323 1965 3397 etiam
1979 3323 2166 3414 speciatim
2182 3341 2343 3392 recenan-

1366 3421 1412 3492 da
1427 3435 1529 3506 suut,
1554 3445 1644 3514 quae
1660 3416 1727 3492 hac
1742 3422 1941 3510 autoritate,
1967 3447 2037 3516 qua
2054 3419 2221 3497 Ecclesia
2237 3435 2306 3492 tuin
2319 3419 2346 3486 in

1367 3523 1606 3594 diiudicandis
1621 3523 1805 3614 scripturis
1819 3539 1854 3596 et
1868 3523 2108 3614 dogmatibus,
2133 3539 2213 3596 tum
2231 3525 2267 3594 in
2281 3543 2346 3590 coa

1362 3621 1598 3718 .stituenda’²)
1617 3623 1740 3716 politia
1757 3623 1888 3710 utitur,
1908 3625 2045 3698 firmata
2063 3641 2154 3698 sitiit
2181 3641 2217 3698 et
2240 3623 2349 3696 consti·

1367 3739 1454 3796 tuta.
1504 3719 1559 3794 Er
1575 3727 1691 3818 prima
1712 3727 1773 3796 illa
1789 3728 1908 3820 itaque
1925 3729 2132 3812 autoritate,
2158 3753 2232 3822 qua
2246 3723 2346 3802 Ettlt·

1368 3828 1418 3898 sia
1442 3827 1487 3896 de
1510 3827 1764 3919 scripturarum
1788 3827 2078 3920 interpretatione
2087 3827 2153 3926 ⁷³),
2186 3829 2350 3902 intellectu

1367 3943 1403 4000 et
1420 3942 1537 4000 mente
1552 3925 1754 4023 iudicat⁷‘),
1780 3943 1917 4022 recepta
1926 3927 1967 4024 ⁷⁵)
1988 3946 2072 4002 sunt
2089 3932 2278 4026 sequentia
2300 3931 2351 3996 do

1367 4041 1484 4121 groata
1506 4044 1539 4102 ct
1560 4031 1828 4122 explicationes,
1862 4033 1974 4104 veluti
1997 4033 2184 4106 divinitus
2211 4033 2354 4106 traditas.

1367 4145 1409 4202 ut
1430 4143 1513 4202 sunt
1533 4131 1745 4226 Symbolum
1762 4131 2038 4225 Apostolorum,
2061 4137 2108 4208 de
2130 4137 2352 4208 consubstan-

422 4609 482 4684 Sic
504 4623 642 4690 umen,
671 4615 713 4674 ut
734 4595 802 4672 hac
819 4599 1049 4673 Cercmoniae
1072 4613 1106 4670 et
1127 4599 1317 4690 disciplina
1825 4674 1834 4692 .

321 4713 391 4786 hoc
403 4713 473 4782 fine
487 4709 526 4778 in
539 4703 697 4780 Ecclesia
719 4702 950 4778 instituantur
965 4715 999 4774 et
1011 4701 1316 4786 administrentur,
1467 4667 1544 4740 H³⁶
1560 4695 1703 4766 ‘iumlue
1719 4685 1907 4744 ‘mmmm‘
1924 4690 2105 4766 ‘mimis'
2126 4695 2198 4762 ⁰⁸1,
2225 4695 2360 4748 ⁸tanti*-

322 4840 398 4890 non
419 4826 460 4885 ut
480 4811 521 4882 in
544 4807 616 4880 illis
636 4805 763 4876 liducia
784 4803 927 4886 salutis,
951 4827 1041 4898 quae
1065 4801 1103 4872 iii
1121 4803 1233 4894 gratia
1249 4803 1315 4872 do-
1366 4771 1428 4866 ‘lul
1448 4775 1492 4840 id
1517 4773 1625 4843 Vliim
1648 4773 1760 4842 futuri
1785 4775 1893 4846 ⁵²⁰¹¹¹l
1918 4777 2100 4867 Pffl‘mlffi
2124 4779 2238 4861 '‘tml.
2265 4777 2359 4848 voitu?

320 4918 414 4990 mini
426 4910 540 4986 nostri
555 4905 637 4984 lesu
650 4902 784 4980 Christi
799 4904 978 4990 consistit,
1001 4919 1203 4998 reponatur.
1235 4899 1314 4973 Hoc
1366 4971 1582 4989 Ἤ

323 5021 419 5092 enim
443 5027 534 5088 essct
549 5007 666 5082 Deum
686 5009 816 5080 frustra
847 5007 961 5078 colere
990 5007 1167 5078 mandatis
1197 5001 1315 5080 homi-

321 5147 426 5204 num,
452 5129 574 5190 contra
585 5111 790 5182 mandatum
807 5109 964 5194 domini,
989 5103 1161 5180 Matthaei
1173 5105 1232 5182 15.
1266 5101 1315 5176 Et
1398 5093 1443 5160 ⁷¹)
1460 5091 1567 5148 Buces
1581 5086 1648 5146 Ecl-
1660 5093 1706 5146 aa.

1398 5175 1446 5244 72)
1465 5175 1533 5232 Bac.
1546 5185 1573 5230 et
1585 5173 1650 5232 lici.
1663 5181 1865 5230 sonaci-vanae.

1398 5259 1445 5328 ts)
1465 5277 1520 5326 aaa
1530 5257 1656 5314 Mesia
1668 5267 1718 5312 etc.
1732 5257 1889 5312 exciderunt
1902 5259 1973 5330 apud
1987 5259 2120 5316 Melioris.

1398 5343 1447 5412 ts)
1466 5341 1534 5397 Mel.
1545 5343 1678 5396 iudicata.

355 5451 401 5520 69)
419 5449 561 5504 unitatem
575 5439 700 5498 excidite
714 5448 785 5494 testa
799 5437 932 5496 Melino.
1398 5427 1446 5494 ⁷5)
1464 5435 1577 5492 ”⁶2¹⁰
1591 5441 1649 5478 '³⁰¹¹
1663 5424 1760 5478 ΜΕΝ
1774 5423 1843 5480 3¹¹⁰·
1855 5436 1880 5479 θ’
1895 5425 1949 5481 &l

354 5539 400 5604 70)
420 5533 487 5590 ΒΜ,
500 5539 527 5586 g
541 5525 607 5584 m,
623 5527 702 5578 mad,
1400 5513 1447 5578 76)
1465 5511 1532 5568 Birt.
1547 5523 1572 5566 tl
1586 5509 1652 5566 Μ.
1668 5511 1822 5597 insaniunt.

326 5319 549 5344 Μ
