4734 6270
317 365 391 440 ott
871 348 1311 439 utissouattttto
1362 353 1470 437 ῖιΙ-Β.
1504 347 1606 434 vsu.
1659 347 1791 436 tots.
2243 367 2331 444 ut*

321 533 439 626 ligunt
456 525 665 623 sapientiam
677 527 721 598 in
733 523 928 618 Evangelio
943 529 1129 615 traditam,
1155 549 1246 625 quae
1268 539 1321 602 est
1467 525 1707 605 Secutumest
1720 529 1956 605 tremende
1977 521 2161 608 Μαι
2175 535 2293 628 parisis
2330 511 2331 604 ἶ

322 657 429 728 sopra
452 633 602 703 rationis
624 629 801 703 hnmanae
825 631 997 701 iudicium
1009 633 1135 724 posita.
1187 628 1241 702 Ae
1261 631 1321 700 in·
1366 629 1488 704 Coena
1507 623 1676 724 llotnitti,
1707 643 1854 709 aeaut
1874 623 1974 705 bovo
2001 634 2157 727 sponsu·
2170 639 2296 710 menbris
2330 677 2331 700 ι

325 756 410 828 gens
430 730 658 822 interuallum
683 741 736 802 est
750 732 855 802 'inter
876 735 1011 803 donum
1038 733 1193 804 stillam
1219 748 1321 823 ptae-
1366 747 1530 821 satamon,
1549 737 1659 830 'quod
1682 723 2090 832 sareesumopovtn,
2105 736 2298 812 duumui-
2330 727 2331 798 l

323 839 454 912 toriarn
476 833 708 930 potestatem,
746 853 837 927 quae
861 830 1054 926 ¹Episcopis
1078 831 1321 928 ‘aueSynudis
1366 827 1625 914 scantationui
1663 829 2073 920 ilic²erroo¹naubrdsrt
2088 837 2298 930 reimpetra-
2330 825 2331 914 l

323 937 510 1012 tribuitur.
575 936 688 1008 l'nrro
715 933 829 1028 saepe'
842 928 971 1007 ae'cidit
998 937 1038 1006 in
1062 934 1320 1008 instauratione
1366 937 1486 1009 aiones
1506 939 1552 1009 de
1564 929 1769 1033 oblatione,
1789 939 1937 1012 inanem
1951 937 2299 1012 numismatorum
2330 921 2331 1002 l

324 1039 521 1126 Ecclesiae,
554 1051 596 1112 ut
619 1057 715 1110 unus
749 1049 812 1107 aut
835 1037 940 1128 pauci
960 1037 1092 1130 privati
1113 1036 1321 1107 renovarint
1367 1061 1450 1108 nem
1474 1039 1854 1134 spectantiumpaneut
1868 1041 1906 1116 io
1921 1041 2061 1136 pompis
2073 1035 2244 1126 theatricis,
2262 1065 2300 1112 er·

326 1143 547 1226 doctrinam,
579 1153 615 1212 et
636 1133 929 1230 reprehenderint
950 1138 1055 1208 ialsas
1077 1138 1321 1231 persuasiones
1367 1153 1421 1212 tra
1444 1163 1548 1213 usum
1572 1142 1789 1218 institutum.
1842 1136 1893 1211 Ec
1912 1153 1988 1212 tnta
2005 1137 2248 1212 Ecclesia-rotis
2262 1165 2300 1234 gs·

326 1245 567 1330 Pontificum,
582 1253 616 1312 et
633 1239 791 1335 reliquae
807 1240 1069 1325 multitudinis,
1091 1261 1183 1334 quae
1202 1239 1323 1309 domi·
1368 1241 1516 1314 mitibus
1546 1255 1669 1334 optare
1701 1241 1825 1328 debet,
1865 1253 1908 1312 ut
1936 1243 2082 1314 uatem
2103 1237 2302 1336 Illita-aliqui

327 1347 500 1430 trabatur,
531 1353 572 1412 ut
596 1337 715 1428 Elias,
744 1337 890 1425 Esaias,
922 1337 1124 1430 Ieremias,·
1145 1335 1322 1411 lohannes
1368 1337 1684 1416 hanchomibilem
1705 1343 1913 1415 sacrausenti
1934 1337 2231 1436 prophanatum
2246 1345 2304 1414 abo-

327 1445 508 1538 baptista,
532 1445 578 1514 ab
594 1443 777 1516 ordinaria
790 1449 979 1535 potestate,
1002 1454 1039 1512 et
1058 1441 1322 1513 amoltitudine
1369 1447 1449 1518 leat.
1501 1443 1614 1538 Saepe
1623 1439 1718 1514 mihi
1731 1441 1904 1538 cogluati
1921 1445 1966 1515 dt
1980 1442 2305 1540 unumunurn.

205 1611 209 1624 .
329 1550 584 1618 dissenserunt.
635 1541 684 1614 Et
698 1545 841 1638 quidem
860 1545 1068 1614 mandatum
1082 1529 1216 1614 Del'de
1235 1558 1322 1614 ton·-
1369 1556 1405 1618 et
1423 1543 1533 1618 tantis
1557 1539 1930 1637 successibusimpias
1954 1557 1994 1616 et
2011 1543 2194 1616 nbsoasuae
2217 1543 2331 1634 gentis,i

329 1651 482 1720 sessione
510 1645 694 1718 doctrinae
719 1645 813 1736 cogit
834 1645 993 1736 singulos
1009 1655 1110 1716 'reete
1130 1644 1323 1716 sentientes
1368 1649 1466 1718 venit
1488 1648 1537 1718 in·
1553 1661 1708 1718 manunt
1723 1659 1956 1740 temporum
2005 1643 2186 1717 nemun
2209 1649 2246 1718 de
2265 1627 2331 1717 tu*

328 1751 451 1822 testari
465 1749 562 1844 quod
579 1746 748 1832 sentiunt,
764 1745 1024 1818 esubtvocauo
1034 1746 1184 1840 requirit
1198 1757 1322 1817 contra
1367 1750 1472 1842 panis
1502 1749 1699 1820 abiectione
1725 1750 1872 1820 factum·
1887 1761 1939 1819 est
1969 1747 2009 1816 ln
2036 1769 2159 1838 magna
2185 1743 2308 1838 Ειιιοοιι

330 1853 447 1922 dicere
462 1847 707 1933 multitudini,
735 1862 770 1920 et
783 1844 1078 1937 gubernatoribus
1097 1847 1310 1918 errantibus.
1368 1847 1656 1944 perturbatione,
1682 1872 1779 1920 anno
1797 1863 1876 1944 post
1890 1841 2025 1920 Christi
2039 1849 2185 1919 natalem
2202 1845 2309 1938 iliis)

432 1951 502 2025 Sed
518 1951 610 2020 liber
628 1950 734 2038 lange
754 1949 857 2020 aliter
878 1949 1046 2040 pingebat
1060 1945 1239 2020 Ecclesiae
1257 1969 1323 2041 po-
1367 1949 1424 2023 1⁴30
1443 1951 1518 2044 ipso
1534 1965 1695 2042 tempore
1715 1951 1753 2020 in
1771 1945 1857 2022 heia
1878 1949 2057 2022 οοιοὶιιιιὶ
2077 1946 2162 2021 haec
2176 1945 2310 2020 Othona

330 2057 457 2127 litiaun
506 2051 690 2122 Necaliud
707 2061 782 2120 crat
798 2052 1030 2142 eomprobare
1048 2043 1323 2134 hanoiormant,
1368 2073 1501 2125 norum
1521 2053 1655 2123 familia
1671 2052 1806 2144 coepit,
1830 2051 2309 2144 aepropsnrntlminitiann-

330 2157 402 2228 nisi
430 2155 628 2226 traducere
648 2170 780 2244 equum
802 2145 1012 2222 ‘'lb-sianum
1046 2147 1139 2248 irs-‘0
1171 2151 1323 2222 moenia.
1357 2159 1474 2238 meru,
1497 2141 2082 2252 banc‘rcccicamoaatonactt)
2104 2153 2311 2232 cmdeliuteu,

330 2259 492 2330 Primum
518 2255 615 2323 enim
644 2274 781 2322 errores
805 2253 1051 2346 quidamnon·
1079 2253 1175 2322 leves
1200 2271 1324 2324 recen-
1366 2256 1584 2349 peculiarem
1607 2269 1759 2348 poenam
1779 2271 1860 2324 esse
1869 2253 2123 2346 multiplicium
2139 2255 2311 2327 tomeun

330 2362 421 2430 tium
443 2357 671 2452 synodorum
691 2354 840 2424 stabiliti
862 2366 996 2437 essent,
1030 2354 1060 2424 si
1083 2351 1252 2425 autoritas
1271 2353 1324 2423 eis
1370 2381 1461 2453 quae
1476 2358 1654 2428 decretum
1669 2355 1760 2438 illud
1777 2353 1932 2448 peperit,
1958 2356 2055 2448 quod
2069 2379 2195 2428 nervus
2212 2369 2255 2424 sat
2270 2354 2312 2422 aa

331 2463 548 2531 tribueretur
563 2449 822 2548 ἀνεπίληπτος,
849 2477 997 2550 eamque
1016 2456 1064 2525 ob
1080 2474 1220 2526 cansam
1236 2455 1334 2526 aare·
1369 2460 1534 2544 lationis,
1559 2469 1724 2551 quaestus
1741 2451 2028 2551 hilssarum***),
2054 2470 2090 2526 et
2101 2457 2311 2550 opulentus

331 2566 438 2635 batur
460 2555 595 2628 Eccius
617 2581 653 2625 se
682 2557 906 2626 autoritatem
930 2555 1159 2651 synodorum
1188 2578 1324 2648 propu-
1370 2549 1714 2632 luxussaeerdotum.
1727 2555 2313 2648 haumemtugcsperocuaqm

331 2683 457 2754 gnare,
482 2675 523 2732 ut
537 2657 680 2729 articuli
698 2673 898 2752 sequentes,
923 2657 1110 2762 dequibus
1127 2671 1211 2728 strnt
1236 2681 1323 2726 con·
1370 2683 1493 2754 gerens
1507 2678 1653 2754 parvam
1667 2680 1776 2746 aram,
1800 2660 1841 2728 in
1859 2681 1927 2754 qua
1944 2673 2048 2730 erant
2061 2661 2191 2728 chieres
2204 2657 2312 2730 ulan

321 2762 534 2846 ‘moussiae
560 2760 642 2829 siue
652 2760 847 2829 certamine
860 2757 1015 2829 obtineri
1031 2771 1184 2850 ροιιοιιι.
1209 2756 1323 2829 Dein-
1367 2764 1465 2832 mula
1496 2761 1586 2831 sacri
1612 2761 1722 2851 iguis,¹
1761 2781 1867 2855 quem
1888 2782 1959 2832 eeu
1984 2781 2121 2830 numen
2141 2761 2314 2832 enimenta

332 2869 376 2937 de
394 2859 511 2935 et'hoc
527 2874 640 2932 astute
647 2859 834 2950 agebatur,
859 2861 890 2929 si
904 2861 1044 2929 adsensi
1060 2878 1225 2945 sueinus,
1247 2882 1323 2930 non
1370 2861 1731 2948 sarcasmorum,
1744 2875 1805 2933 'ut
1817 2861 1926 2951 igitur
1938 2859 2028 2935 uu:
2043 2861 2216 2932 ridemur
2233 2883 2313 2944 augu-

332 2970 438 3038 licere
462 2963 611 3056 privatis
633 2973 694 3030 aut
717 2963 945 3053 paucioribus
967 2961 1153 3032 dissentire
1174 2985 1195 3032 a
1219 2983 1324 3054 snpe-
1369 2967 1467 3050 stior,
1492 2977 1528 3036 et
1541 2985 1614 3034 una
1628 2983 1709 3033 eum
1725 2983 1791 3033 suo
1806 2957 2315 3048 numinesslomretur,cunhn

331 3068 488 3139 rioribus
507 3087 548 3134 ac
568 3063 749 3156 pluribus,
778 3063 849 3134 iarn
872 3075 992 3132 nostra
1018 3085 1102 3132 voce
1122 3077 1159 3136 et
1191 3061 1332 3133 nostris.
1366 3089 1498 3160 pompa
1511 3064 1678 3158 prodibat
1691 3064 1732 3133 in
1745 3063 1960 3157 publicum·
1992 3061 2046 3134 lta
2062 3061 2317 3134 nurrrl’ontiiccs

332 3167 508 3257 suffragiis
527 3188 593 3235 nos
606 3164 714 3256 ipsos
732 3166 1074 3237 condemnassemus.
1131 3162 1206 3235 Cur
1226 3163 1323 3234 enirn
1368 3167 1551 3241 Romanos
1567 3165 1743 3237 antecedit
1755 3180 1867 3259 equus
1887 3185 2012 3255 gerens
2028 3185 2157 3256 panem
2176 3185 2316 3232 consum

331 3261 522 3342 lantherus
553 3287 646 3336 unus
672 3287 809 3335 errores
829 3264 1043 3335 Pontificum
1064 3277 1099 3336 et
1120 3261 1322 3337 scholarum
1367 3283 1463 3354 tum,
1489 3267 1618 3362 quiibi
1632 3267 1760 3337 vitiose
1776 3267 1956 3338 odoruur.
2007 3265 2082 3338 Sed
2098 3262 2263 3335 haecalias
2278 3289 2316 3330 cs

332 3375 504 3462 attingere
517 3388 622 3440 ausus
638 3377 711 3451 est,
734 3389 798 3437 eur
812 3379 952 3437 nostras
968 3363 1146 3438 Ecclesiae
1159 3389 1241 3438 eum
1257 3377 1331 3436 1se-'
1368 3371 1513 3463 piosius.
1563 3365 1668 3438 Nunc
1682 3367 1840 3438 breviter
1851 3385 2032 3452 recenseo,
2058 3389 2127 3436 nos
2143 3368 2232 3436 illam
2244 3387 2315 3434 usn

332 3485 509 3570 quantur,
540 3492 580 3540 ac
602 3488 676 3539 nou
700 3469 818 3558 potius
842 3481 896 3539 tot
920 3467 1140 3552 seculorum,
1172 3467 1322 3539 Pontifi-
1369 3467 1536 3564 spurtus,
1560 3467 1724 3558 depastis
1744 3467 1963 3552 abiectione,
1986 3482 2020 3538 at
2039 3462 2317 3559 prophanationem

329 3591 413 3649 eunt
435 3583 470 3644 ct
492 3568 692 3642 scholarum
715 3571 949 3641 consensum?
1005 3569 1189 3641 Postremo
1212 3570 1322 3664 perti-
1369 3567 1588 3646 Sacramenti
1601 3569 1834 3652 mononem,
1857 3587 1933 3640 non
1948 3559 2108 3640 voluisse
2118 3569 2303 3639 mmmm

315 3679 438 3750 nebat
460 3671 528 3744 hoe
549 3671 808 3765 praeiudicium
837 3673 880 3741 ad
910 3685 1069 3742 externas
1099 3673 1263 3742 nationes
1288 3684 1323 3740 ct
1418 3684 1422 3692 '
1470 3671 1524 3744 De
1539 3669 1787 3758 Paenitentia,
1806 3671 1928 3765 quales
1951 3663 2172 3766 labyrinthi,
2195 3691 2269 3764 quae
2284 3681 2316 3732 ts

333 3781 378 3850 ad
391 3776 652 3870 posteritatem,
676 3772 858 3865 quaeiure
883 3773 1061 3842 levitatem
1085 3785 1240 3844 nostram
1265 3795 1323 3841 re-
1367 3777 1500 3846 nebrae
1515 3768 1641 3845 sintin
1661 3771 1928 3868 quaestionibus
1944 3769 2215 3855 monachorum,
2236 3789 2316 3862 quen

331 3874 550 3974 prehensura
565 3875 708 3960 fuisset,
733 3873 764 3941 si
778 3885 874 3944 tanta
890 3874 1081 3968 tyrannide
1092 3875 1323 3944 armassemus
1369 3885 1446 3948 tuin
1461 3869 1683 3948 ethnicarum
1696 3871 1987 3968 superstitionum
2001 3869 2123 3944 adhuc
2138 3873 2182 3944 sit
2193 3875 2228 3940 in
2249 3869 2317 3937 ntia

331 3979 531 4053 Pontifices.
581 3973 797 4067 Quanquam
814 3975 923 4064 igitur
945 3975 1050 4044 video
1076 3985 1235 4067 tempora
1257 3975 1323 4045 do-
1368 3977 1582 4050 sactionibus
1614 3975 1807 4046 multarum
1834 3975 2010 4065 gentium,
2058 3987 2205 4046 corrant.
2254 3967 2317 4039 un

332 4083 511 4154 mesticam
536 4097 657 4168 pacem
682 4075 855 4164 flagitare,
887 4090 924 4144 et
946 4089 1073 4146 natura
1095 4077 1218 4145 minus
1245 4096 1323 4146 snm
1368 4103 1453 4148 vero
1476 4078 1622 4170 depulsa
1641 4073 1705 4146 illa
1728 4075 1878 4165 caligine
1893 4073 1991 4146 Deus
2012 4075 2208 4146 reddiduit
2223 4069 2317 4142 nostrl»

331 4205 471 4278 pugnax
488 4201 595 4272 quam
617 4199 705 4267 opus
721 4187 790 4260 est,
816 4189 934 4246 tamen
952 4198 1032 4246 cum
1046 4197 1122 4246 non
1135 4199 1234 4268 agam
1248 4176 1324 4269 pri-
1358 4177 1537 4251 'Derlesiis
1552 4173 1746 4268 Evangelii·
1756 4176 1888 4261 lucem,
1911 4175 2099 4250 nolu'mus
2119 4177 2258 4268 resipere
2273 4193 2317 4238 ur

331 4299 449 4356 vatam
472 4303 631 4363 caussam,
657 4278 718 4346 sed
744 4277 920 4370 publicam
933 4273 1131 4362 Ecclesiae,
1160 4279 1247 4372 quid
1269 4279 1323 4368 fa·
1369 4303 1431 4351 vas
1449 4278 1667 4370 corutptelas
1687 4297 1809 4348 rerum
1829 4291 1922 4348 reete
1944 4277 2173 4360 amoturum,
2197 4289 2231 4346 ut
2245 4271 2317 4340 latiis

333 4383 471 4458 cerem?
520 4377 598 4470 Ego
614 4403 698 4449 vero
715 4401 760 4448 ne
781 4379 926 4471 quidem
941 4379 982 4448 in
1002 4393 1105 4452 tauro
1123 4373 1323 4450 Phalaridis
1367 4381 1541 4454 indicabit
1561 4379 1706 4466 Lector,
1734 4375 1873 4450 collatis
1894 4379 2027 4450 nostris
2051 4391 2088 4450 et
2109 4377 2193 4448 libri
2211 4387 2317 4444 sentes

332 4484 617 4576 adsentiendum·
631 4504 704 4551 esse
731 4482 833 4550 duro.
889 4478 987 4550 Haec
1009 4503 1051 4550 eo
1074 4503 1323 4563 commemoro,
1369 4483 1440 4556 tiis.
2094 4520 2097 4530 =

333 4611 378 4659 ne
395 4587 475 4681 quis
492 4581 706 4676 petulantiae
724 4595 784 4653 aut
797 4583 1038 4653 contumaciae
1053 4582 1200 4666 tribuat,
1225 4583 1330 4675 quod
1471 4579 1543 4656 seo
1565 4595 1605 4654 nt
1629 4582 1668 4652 in
1692 4581 1766 4653 acle
1786 4579 1893 4652 ducet
1906 4595 1981 4652 arte
1996 4581 2213 4654 distribuunt
2224 4577 2316 4670 sopiat

333 4685 548 4783 repugnavi,
574 4685 638 4754 etsi
654 4685 689 4754 id
706 4685 903 4755 veremnde
917 4683 996 4756 feci.
1016 4685 1020 4692 '
1046 4679 1096 4754 Et
1119 4685 1243 4754 vident
1263 4707 1322 4752 me
1368 4687 1417 4757 ita
1432 4683 1600 4758 marenae
1614 4683 1698 4754 libri
1712 4681 1882 4771 singulari
1897 4683 2046 4756 cunulis
2060 4679 2315 4772 variedisposittt

333 4787 421 4862 haec
436 4811 508 4856 non
526 4786 655 4874 tragice
669 4807 832 4870 narrare,
856 4784 919 4878 qui
943 4785 1060 4855 sciunt
1081 4807 1188 4878 quarn
1210 4783 1322 4854 artifi-
1367 4799 1462 4858 sunt.
1513 4783 1556 4855 ln
1569 4783 1674 4858 titulo
1690 4781 1907 4854 delictionis
1923 4779 2246 4856 liberhorribilitcr
2262 4801 2315 4846 ere

333 4893 426 4963 ciose
443 4909 498 4958 res
515 4887 816 4960 instructasuerit.
855 4883 1126 4978 Necpropterea
1142 4886 1321 4958 veteribus
1368 4902 1565 4960 maturans
1586 4887 1650 4981 qui
1671 4881 2063 4960 deseruntEtclesitno.
2112 4881 2258 4955 lllt'hane
2274 4879 2314 4944 te-

332 5007 366 5064 et
381 4990 539 5086 probatis
555 4987 709 5082 synodis
725 4987 947 5057 autoritatem
963 4983 1193 5061 detrahimus.
1219 4987 1321 5057 Sem·
1368 4990 1491 5060 scribit
1516 4989 1727 5080 quibusdam
1750 4987 1942 5058 verborum
1967 4986 2179 5072 involueris,
2212 4999 2246 5054 ut
2264 5001 2313 5048 nos

333 5121 396 5188 per
409 5093 504 5163 enirn
522 5103 722 5162 constanter
744 5087 964 5158 defendimus
979 5086 1154 5159 Nicenuns
1169 5088 1321 5184 Symbo-
1368 5091 1486 5162 statim
1502 5093 1684 5181 adpareat,
1708 5088 1797 5181 quid
1813 5088 1988 5158 moliatur.
2038 5086 2107 5156 His
2118 5077 2313 5156 fundamenti

334 5199 421 5282 lum,
435 5194 517 5287 quia
532 5189 997 5286 etApostolicaescripturae
1010 5189 1319 5264 finnasesttmonia
1366 5193 1484 5277 iactis,
1508 5213 1599 5283 quae
1623 5201 1707 5260 sunt
1725 5187 1895 5280 speciosa,
1928 5201 2006 5282 post
2022 5189 2167 5280 longum
2183 5181 2313 5256 tans-st

332 5295 449 5380 habet,
460 5309 493 5365 et
507 5293 693 5386 perspicue
702 5290 941 5382 suffragantur
948 5291 1160 5364 vetustiores
1170 5291 1318 5382 scripto·
1772 5327 1776 5333 ,

289 5406 293 5416 '
331 5421 398 5484 res,
418 5399 481 5494 qui
499 5409 601 5466 testes
620 5407 703 5466 sunt
716 5393 850 5484 primae
863 5392 1056 5464 sententiae
1072 5395 1112 5462 in
1125 5391 1293 5466 Ecclesia.

330 5515 550 5538 ,ι’-*-

1399 5455 1429 5524 ι)
1449 5435 1611 5528 uersas:
1634 5449 1748 5506 rus..
1793 5420 1796 5435 '
1847 5410 1852 5419 '
1914 5413 2171 5526 qu'sfgs„,g'„,

364 5559 394 5628 a)
412 5555 480 5612 Mel.
493 5573 556 5626 opp.
569 5553 646 5604 intra
659 5565 708 5621 pro
724 5549 762 5603 t'n.
1377 5525 1466 5607 ’ml
1483 5537 1629 5610 Melopp,
1643 5520 1818 5592 mamus·
1894 5539 1900 5548 ·
2042 5528 2048 5543 .
2100 5518 2116 5543 ,.
