4802 6268
93 369 157 448 aa
544 419 551 430 .
619 289 1062 434 cccccccccc
1110 351 1549 455 cruentasse.
2034 355 2111 436 sss

92 539 197 616 resin
209 531 830 627 singuiis-lodespraeiieiaatzoestos
847 531 1063 624 inspectore
1110 524 1294 622 apest·
1309 539 1459 621 asama
1482 527 1591 617 ω’,
1622 543 1659 602 et
1681 528 1940 603 mutant
1959 545 2108 604 seuten-

90 657 310 720 mmmm
318 635 492 722 officinis,
511 634 838 708 massuetus
853 633 969 704 lilreos
987 651 1061 702 m
1110 631 1201 702 tiam
1213 629 1489 724 Apostolorum,
1511 631 1928 724 ideorsaepeallsgontu
1946 633 2108 704 illaome-

89 739 348 838 mancum
366 733 679 808 &censorinum
709 733 799 806 uiae
813 736 923 808 etiam
939 733 1063 830 inqui—
1110 743 1203 804 teres
1225 727 1383 804 scholam
1403 745 1453 804 et
1480 748 1627 826 propter
1636 729 1720 808 aaa
1734 733 2106 809 lauthturiordioaria

88 847 158 918 sitio
180 839 404 912 temdus
420 837 1062 934 pastorometpopnlissloomper*
1110 835 1304 920 maenio,
1319 836 1660 928 cremitarum-cuti
1682 835 1991 908 murmurans
2002 834 2106 930 clepo-
2208 915 2214 922 ,

89 943 290 1028 mulcandi
311 939 690 1034 pastoramdsnisisse
710 939 856 1034 efficaci
870 937 1063 1028 sllagltinrn,
1108 935 1266 1010 stolicae.
1316 934 1421 1010 Nunc
1437 931 1643 1010 haelendes
1667 940 1714 1008 ad
1734 937 1928 1030 potentiue
1950 939 2106 1032 ampliti-

87 1047 238 1144 paniatrr
250 1044 515 1136 mnrislegnm
535 1043 682 1135 poenis,
707 1054 743 1112 et
757 1065 809 1112 -eo
832 1041 952 1110 ninus
975 1063 1063 1110 con-
1109 1039 1259 1108 cendam
1277 1039 1672 1133 transieruntnrpostea
1686 1063 1774 1112 cum
1783 1063 1886 1132 opes,
1910 1038 2025 1132 Regia
2040 1044 2105 1114 do·

85 1149 336 1220 uiuendumest
357 1147 561 1239 admopca,
585 1141 779 1230 adulteria,
799 1142 1062 1214 antecortatio-
1110 1139 1281 1224 minatio,
1308 1139 1432 1226 iurans,
1466 1143 1690 1214 extinxerunt
1710 1141 1837 1214 studia
1864 1143 2107 1234 collegiomm,

85 1249 391 1336 mundorum,
422 1251 510 1346 quia
529 1246 682 1340 petimus
704 1245 853 1316 concedi
867 1243 1063 1315 eisconin-
1109 1241 1222 1333 caligo
1247 1241 1372 1332 iugens
1394 1245 1434 1314 in
1453 1239 1610 1314 Ecclesia
1636 1257 1762 1318 secuta.
1777 1239 1847 1330 est',
1880 1259 1915 1316 at
1942 1261 2024 1316 nata
2053 1262 2105 1318 est

84 1354 176 1446 giam.
222 1349 347 1441 Quare
358 1349 590 1424 seuedasimis
601 1347 728 1442 poenis
746 1347 906 1441 corporis
918 1343 982 1417 illa
998 1347 1063 1416 ele-
1107 1341 1171 1414 illr
1195 1339 1393 1434 Theologia
1416 1341 1693 1432 monachorum,
1730 1343 1846 1418 diluta
1868 1349 2020 1440 quadam
2045 1347 2103 1418 in-

85 1453 403 1548 lictapnninntun·
497 1483 514 1512 ¹·
626 1477 630 1489 ·
760 1484 764 1495 ¹
952 1482 957 1495 ·
1108 1445 1247 1518 erudita
1261 1441 1507 1540 philosophia,
1530 1447 1899 1541 etutperstitionilaus.
1948 1445 1995 1518 Et
2017 1443 2103 1522 hoec

170 1596 362 1693 inspiciant
389 1599 494 1672 etiarn
522 1597 722 1672 visitatores
749 1587 907 1668 rationes
934 1595 1061 1668 aerarii
1107 1547 1182 1640 59⁸³
1197 1550 1513 1636 mmmmnffii’
1526 1573 1648 1644 ’ΨΜ
1666 1550 1840 1642 “pium
1852 1551 2103 1640 gnbemm⁸

83 1697 317 1792 in'Ecclesiis,
355 1715 391 1774 et
414 1715 539 1795 curent
566 1699 720 1771 fideliter
747 1699 857 1794 pendi
885 1699 1061 1792 stipendia

82 1805 281 1896 pastoribus,
307 1800 488 1905 diaconis,
514 1815 549 1874 et
562 1797 620 1872 his
637 1801 699 1898 qni
713 1813 883 1896 praesunt
896 1795 1036 1872 scholis.

1107 1650 1297 1742 provideri
1312 1651 1461 1738 dehent,
1486 1665 1527 1722 ut
1542 1653 1583 1721 in
1595 1647 1729 1724 scholis
1746 1673 1870 1724 rursus
1893 1651 1950 1746 pia
1972 1667 2007 1726 ct
2028 1653 2104 1724 sin·

1108 1775 1190 1822 cera
1201 1751 1365 1824 doctrina
1381 1749 1516 1825 Christi
1532 1755 1710 1840 tradatur,
1734 1767 1769 1824 et
1784 1753 1999 1827 muniendae
2021 1771 2104 1828 sunt

1109 1848 1261 1942 scholae,
1283 1868 1324 1925 ut
1337 1855 1381 1926 ad
1398 1849 1602 1954 posteros')
1620 1856 1807 1950 propagari
1820 1857 2025 1950 incorrupta
2043 1881 2103 1928 ve-

168 1947 264 2026 xlv.
281 1945 468 2026 lnecltolis
478 1951 677 2026 nonsolnm
685 1946 864 2024 Ecclesiae
873 1949 1060 2020 seminaria
1107 1955 1194 2026 ritas
1213 1957 1336 2048 possit.

82 2067 163 2134 sust.
175 2056 234 2128 aed
249 2055 361 2130 etiem
374 2055 427 2128 ibi
442 2053 848 2148 praeparanturiugenia
863 2052 907 2122 ad
918 2073 1061 2124 omnem
1209 2055 1358 2130 Deinde
1374 2055 1459 2152 quia
1487 2057 1529 2126 iu
1553 2057 1706 2148 singulis
1735 2059 1942 2150 regionibns
1974 2083 2103 2150 magno

82 2156 240 2250 reliquam
255 2157 356 2232 vitae
371 2155 678 2247 gubernationem.
726 2151 805 2226 lmo
820 2148 960 2226 scholae
978 2168 1062 2227 scint
1108 2185 1258 2232 numero
1279 2171 1461 2254 pastorum
1484 2181 1573 2252 opus
1595 2173 1664 2248 ast,
1688 2159 1807 2232 alendi
1828 2175 1913 2232 sunt
1931 2185 2103 2256 pauperes

81 2257 181 2330 [cutm
193 2252 430 2332 humanitatis
452 2260 493 2330 in
512 2273 585 2332 tota
606 2259 703 2344 vita,
728 2257 860 2354 an'bus
881 2255 1061 2348 neglectis,
1108 2257 1308 2334 scholastici
1332 2263 1375 2334 de
1398 2261 1557 2354 publico,
1589 2261 1652 2358 qui
1678 2287 1758 2336 cum
1790 2277 1891 2357 recte¹
1915 2263 2105 2347 didicerint

82 2381 203 2432 moeste
234 2375 292 2434 est
317 2361 418 2457 sequi
443 2383 588 2452 magnas
616 2361 799 2446 tenebras,
833 2357 1060 2430 confusiones
1108 2361 1307 2434 doctrinam
1328 2337 1588 2450 Christiariam,
1620 2360 1739 2457 postea
1761 2362 2012 2458 praeficiantur
2033 2363 2104 2440 Ec·

80 2461 298 2553 religionum,
320 2477 358 2538 et
369 2463 653 2556 superstitiones,
678 2463 796 2552 legum
821 2461 1059 2554 stlitemrnrn
1108 2465 1242 2542 clesiis'
1285 2463 1450 2538 Haereat
1474 2479 1575 2538 vetus
1604 2479 1639 2538 et
1659 2490 1742 2538 vera
1755 2461 1933 2542 Ecclesiae
1955 2493 2104 2540 constre-

81 2566 329 2658 atquc-artium
352 2565 556 2650 interitum,
596 2563 816 2634 oblivionem
840 2561 1060 2656 antiquitatis
1108 2569 1206 2642 rudo.
1667 2568 1671 2576 '
1815 2599 1820 2608 ·

79 2679 109 2738 et
123 2665 372 2750 historiarum,
386 2665 746 2750 auorumieritatem,
769 2664 923 2758 &nique
937 2663 1061 2734 inimi-
1209 2661 1333 2738 Toties
1361 2665 1602 2738 vociferantur
1624 2667 1818 2747 adversarii
1842 2671 1974 2758 nostri,
2016 2696 2103 2742 con·

78 2769 354 2845 imnacharius
367 2793 529 2850 morum,
551 2767 766 2840 otomnirnn
779 2766 875 2836 vitae
893 2765 1060 2860 partium.
1108 2763 1349 2866 suetudines⁸)
1362 2765 1540 2840 Ecclesiae
1553 2769 1702 2863 negligi,
1728 2795 1809 2844 cum
1832 2771 1901 2866 ipsi
1923 2768 2010 2844 haec
2031 2775 2104 2844 arti..

80 2867 185 2958 Quare
207 2893 339 2944 omnes
360 2871 537 2964 sapientes
558 2871 813 2962 gubernatores
830 2867 985 2940 maxime
1002 2867 1061 2938 iu-
1107 2869 1241 2943 lissima
1257 2871 1419 2941 instituta
1435 2865 1695 2966 Prophetarum
1710 2886 1745 2972 et
1761 2868 2016 2968 Apostolorum
2040 2901 2102 2970 pe·

77 2971 226 3046 dicarunt
246 2967 453 3046 scholarum
475 2973 767 3046 constitutionem
793 2971 838 3042 ad
859 2969 1061 3064 rempubli-
1108 2976 1205 3046 nitus
1226 2973 1443 3060 deleverint,
1466 2997 1557 3068 quae
1580 2975 1726 3070 quidem
1751 2990 1793 3048 ut
1817 2977 2051 3078 restituantur
2069 2993 2102 3050 et

78 3093 142 3144 cam
155 3075 351 3168 pertinere,
375 3090 410 3148 et
421 3075 736 3170 beneflconstitutas
750 3071 979 3168 praecipuum
997 3073 1061 3144 de-
1108 3087 1372 3164 conserventur,
1396 3077 1497 3146 omni
1512 3075 1740 3150 contentione
1753 3079 2008 3168 gubernatores
2023 3105 2105 3174 per-

78 3198 129 3246 cus
150 3191 182 3268 et
203 3193 458 3250 ornamentum
484 3168 558 3250 esse
578 3175 773 3250 civitatum.
825 3169 970 3264 Quanto
984 3199 1061 3244 ma·
1108 3181 1212 3250 licere
1236 3179 1382 3263 debent,
1415 3176 1581 3249 videlicet
1604 3177 1671 3266 ita,
1706 3193 1747 3252 ut
1774 3173 1916 3252 scholae
1942 3183 2104 3268 floreant,

78 3275 122 3366 gis
147 3277 183 3348 in
204 3273 369 3376 Ecclesia
392 3272 545 3354 tuendae
570 3292 654 3352 sunt
673 3273 838 3350 scholae?
869 3275 1062 3370 inquibus
1109 3295 1144 3352 et
1155 3296 1370 3373 propagetur
1389 3279 1554 3352 salutaris
1577 3281 1757 3368 doctrina,
1781 3295 1818 3353 et
1839 3299 2104 3376 praeparentur,

77 3397 296 3458 conservatur
321 3397 355 3457 et
376 3395 591 3480 propagatur
611 3379 772 3454 doctrina
787 3375 995 3468 Evangelii,
1026 3392 1062 3448 et
1109 3383 1318 3453 excolantur
1348 3403 1388 3450 ac
1422 3381 1633 3452 erudiantur
1656 3385 1805 3454 studiosi
1832 3401 1952 3478 postea
1978 3387 2104 3480 praeli·

76 3483 253 3556 traduntur
279 3481 369 3556 aliae
391 3485 507 3557 honae
528 3498 640 3569 artes,
673 3481 800 3566 utiles,
832 3493 908 3554 turn
932 3481 976 3550 ad
1001 3503 1062 3554 ex·
1110 3480 1229 3556 cimdi
1256 3479 1437 3554 Ecclesiis.
1497 3481 1613 3554 Porro
1639 3481 1678 3554 in
1707 3479 1908 3558 Academiis
1935 3507 2025 3580 opus
2053 3505 2105 3559 est

75 3581 265 3674 plicandam
293 3585 477 3660 coelestem
507 3585 724 3670 dowinam,
756 3597 832 3656 turn
855 3582 902 3650 ad
916 3579 1061 3678 'reliqua
1109 3583 1246 3679 duplici
1267 3580 1532 3672 emendations,
1571 3583 1755 3674 videlicet,
1793 3588 2038 3660 doctrinarum
2072 3606 2103 3662 et

73 3683 154 3758 sitae
171 3687 291 3760 cilicia
306 3689 549 3782 gubernanda.
588 3679 646 3758 ⁴Et
667 3681 787 3758 hacin
803 3707 1064 3756 removeamur
1110 3686 1331 3780 disciplinae.
1377 3683 1432 3756 De
1451 3687 1587 3760 artibus
1612 3689 1793 3760 tradendis
1812 3713 1895 3761 vere
1917 3691 2049 3763 eruditi
2071 3709 2103 3766 et

75 3787 324 3862 consuetudine
338 3787 516 3862 Ecclesiae
531 3787 694 3860 omnium
709 3801 923 3880 temporum.
958 3783 1063 3858 Nun-
1110 3791 1304 3882 prudentes
1330 3787 1495 3858 ordinem
1517 3792 1778 3882 praescribant,
1812 3791 1860 3861 ita
1884 3807 1924 3863 nt
1939 3793 2105 3868 iuventus

74 3913 168 3983 quarn
198 3893 284 3966 sine
308 3887 438 3964 scholis
468 3891 591 3964 floruit
613 3885 791 3970 Ecclesia,
824 3887 940 3960 voluit
965 3885 1063 3962 neus
1111 3915 1185 3962 non
1215 3889 1333 3962 solum
1363 3902 1524 3962 versetur
1554 3892 1591 3960 in
1625 3893 1762 3964 artibus
1795 3890 2009 3988 prophanis,
2043 3901 2104 3969 secl

75 4007 175 4064 certos
197 4017 278 4066 esse
300 4009 419 4066 coetus
434 3995 478 4068 ad
493 3992 780 4076 tabernaculum,
805 3989 902 4084 quod
919 3985 1063 4084 Moyses
1111 3993 1218 4066 etiarn
1239 3992 1351 4064 discat
1372 3986 1610 4066 Christianam
1634 3995 1844 4074 doctrinam.
1903 3993 2043 4071 Deinde
2065 4015 2103 4072 ut

74 4093 244 4184 condidit,
283 4111 318 4170 et
340 4109 461 4190 postea
491 4093 535 4166 ad
563 4095 752 4186 templum:
785 4115 863 4163 nou
885 4089 992 4164 aliaru
1015 4091 1063 4162 ob
1110 4097 1155 4166 ad
1169 4119 1289 4165 veram
1306 4085 1569 4186 philosophiam
1585 4112 1788 4180 revocetur,
1813 4112 1849 4170 et
1865 4100 2017 4190 explosis
2036 4125 2104 4174 nu-

74 4221 228 4282 causarn,
268 4199 339 4268 nisi
360 4211 401 4270 ut
421 4198 474 4268 ibi
496 4197 614 4271 studia
636 4195 723 4287 legis
744 4192 888 4267 divinae
915 4205 949 4266 et
975 4191 1064 4264 alia·
1109 4197 1163 4288 gis
1177 4191 1396 4289 sophisticis,
1419 4195 1581 4268 tradatur
1592 4191 1784 4272 Dialectica
1806 4197 1941 4272 sincere
1962 4215 1997 4274 et
2019 4227 2105 4299 pm-

73 4323 144 4370 rnm
158 4294 294 4372 artium
307 4301 484 4372 bonarum
502 4299 542 4373 in
565 4295 719 4394 quadarn
743 4295 942 4390 frequentia
965 4293 1063 4384 vige·
1110 4301 1253 4384 ‹lenter,
1278 4295 1519 4387 adiungantur
1534 4293 1684 4394 Physica
1698 4315 1731 4374 et
1747 4295 2009 4389 Mathematica,
2030 4303 2107 4376 tor-

71 4413 161 4488 rent,
185 4417 222 4474 et
237 4403 408 4475 inventus
425 4401 655 4474 excoleretur.
706 4393 760 4470 lta
774 4393 920 4468 Samuel
941 4395 1064 4468 adole·
1109 4413 1227 4474 metor
1240 4399 1364 4496 stylos.
1388 4397 1459 4474 Sed
1470 4394 1870 4494 haecparsdedoctrina
1886 4403 2028 4494 longior
2041 4419 2103 4492 est,

73 4527 164 4574 scens
186 4505 322 4576 missus
343 4519 396 4578 est
419 4505 464 4576 ad
490 4499 798 4584 tabernaculum,
821 4511 992 4594 tanquam
1017 4499 1063 4568 ad
1110 4527 1217 4599 quarn
1231 4517 1272 4574 ut
1287 4513 1362 4574 tota
1387 4496 1447 4572 hic
1466 4497 1720 4593 comprehendi
1744 4503 1873 4595 possit,
1898 4519 1933 4576 et
1953 4496 2102 4600 singulis

71 4605 320 4692 Academiam,
345 4601 512 4700 etpostea
531 4601 648 4688 Elias,
673 4625 714 4674 ac
729 4597 885 4684 Eliseus,
912 4597 1064 4670 loannes
1110 4605 1199 4676 locis
1231 4603 1366 4674 iudicio
1398 4603 1622 4674 eruditorum
1655 4619 1690 4676 et
1722 4607 1939 4698 prudentum
1971 4611 2105 4680 consti-

69 4707 245 4804 llaptista,
269 4703 436 4780 Christus
461 4703 665 4778 habuerunt
686 4703 826 4794 agmina
848 4701 1064 4774 auditorum.
1110 4707 1346 4778 auertisset·¹
1786 4732 1790 4740 ·

70 4811 172 4884 Hunc
186 4830 328 4882 mmm
342 4823 377 4882 ²²
391 4805 558 4903 ‘ii’⁰⁸1⁰ss
570 4815 775 4892 mmm,
799 4815 842 4876 ¹¹¹
856 4823 899 4874 Β
916 4799 1062 4919 Ῑῗθΰθῑθ
1211 4813 1434 4917 Disciplinat
1446 4820 1625 4898 restitutio
1648 4827 1801 4922 requirit
1824 4832 2046 4904 autoritatem
2069 4851 2100 4907 et

70 4926 231 5008 'mma
258 4913 486 5008 Wlfflin!
500 4907 671 4984 1⁰⁸¹¹¹¹⁸¹¹¹
685 4929 763 4978 ¹¹⁰¹
775 4905 894 4978 ”¹⁰¹⁰
916 4905 1065 4978 mim·
1111 4925 1332 5017 diligentiam
1358 4924 1562 5018 priacipum
1585 4941 1619 5001 et
1643 4929 1931 5020 maffisturtrtom,
1964 4956 2104 5006 necesse

69 5041 138 5088 sam
150 5015 427 5089 multitudinem
449 5014 653 5088 illiteratum
667 5007 849 5094 domiue,
869 5008 933 5078 *Εὖ
956 5007 1062 5080 “iim
1112 5043 1165 5102 est
1185 5046 1308 5098 mores·
1328 5027 1512 5100 severitate
1533 5029 1667 5100 rnaiore
1680 5033 1775 5124 regi,
1802 5045 1835 5103 et
1849 5035 2031 5106 continere
2047 5039 2102 5108 iu-

67 5113 235 5190 hhui*
251 5117 600 5212 ‘imm'midw
614 5111 810 5196 ‘udum‘
834 5108 900 5204 (Ιώ
914 5131 952 5180 ⁸⁸
971 5121 1065 5182 ‘⁰²⁰⁸
1111 5143 1291 5204 ventntem
1303 5129 1399 5202 intra
1414 5141 1529 5222 septa,
1554 5144 1588 5204 et
1612 5133 1655 5203 ad
1675 5133 1732 5226 pia
1751 5133 1914 5206 exercitia
1930 5156 2102 5224 revocare,

69 5222 194 5293 stodiis
227 5219 457 5305 addixerant,
492 5239 584 5314 quos
606 5213 734 5286 solitus
762 5223 817 5284 est
838 5212 1066 5284 imiliniter
1958 5235 1961 5243 ‹

69 5325 206 5408 docere,
231 5321 339 5394 etiam
354 5331 657 5392 estraeonventns
673 5313 860 5388 universae
875 5309 1065 5390 Ecclesiae.
1113 5335 1336 5372 -·-··-.-·
1402 5315 1407 5323 ·

68 5423 163 5496 llice
190 5435 273 5496 orta
293 5435 377 5496 sunt
397 5437 516 5495 vetera
539 5419 706 5510 coneda,
743 5429 781 5488 et
800 5417 969 5508 proderat
992 5438 1066 5490 esse
1195 5471 1586 5536 nuemmenasspaaa...
1620 5473 1623 5483 .

67 5521 325 5612 talesscholae,
351 5547 441 5620 quae
456 5533 696 5606 eranttcates,
721 5517 1066 5614 quaeamus-sa
1143 5469 1512 5690 :incapacium
1556 5619 1562 5636 Ι
