4802 6268
298 338 377 425 stt
861 335 1297 418 rrrsroranun
1345 283 1596 418 rrmuuo
1621 334 1779 420 resec
2248 349 2307 428 n,
2371 375 2372 402 .

189 510 193 518 '
300 517 399 588 tulos
416 509 589 588 habemus
602 509 882 608 Ep'meepernm‚
910 507 1108 606 Episcopos
1131 511 1298 606 qusett-
1349 505 1558 606 queidem
1571 513 2079 608 mnndum-gimnus,
2101 521 2311 612 netmgtign.

301 618 397 691 cium
422 618 707 700 anemurum.
741 609 1028 690 mohabanos.
1082 613 1298 687 Comeuirn
1350 625 1408 684 ter
1429 613 1589 686 officium
1612 617 1987 692 suumredministret.
2046 618 2143 695 Nam
2169 623 2313 700 diu'nitm

302 713 928 814 qrratuoreintpcaerlpuaffloepi
951 717 1087 802 silicie,
1110 718 1301 788 deremet
1351 709 1589 805 hningrndui·
1604 720 1857 790 commendata-
1876 719 2313 814 eetsdhelplinaetextcmr

303 821 735 914 gubernarerdoetrinam,
751 819 931 894 semme
944 832 979 888 et
995 817 1300 910 exploraremus
1347 817 1587 890 manaim.
1613 832 1658 890 et.
1676 819 1855 907 (infmia,
1871 851 1880 890 ι
1894 820 2236 912 natham-ns,
2271 831 2315 900 iu-

303 925 459 1011 nendos,
481 921 799 1014 prmaeiudiciie
807 915 1084 1006 Mamuda,
1108 920 1300 994 etrisitnre
1352 919 1497 1013 quiens,
1526 917 2090 1010 magistratnmhonureraffiecte
2112 925 2205 998 bom
2221 951 2315 1020 open,

303 1023 496 1110 Ecclesiae:
522 1023 645 1098 nostri
666 1018 839 1115 Episcopi
864 1023 906 1092 in
921 1019 1118 1092 German
1139 1021 1199 1092 rix
1218 1045 1300 1092 nm-
1352 1034 1503 1094 econtra
1518 1045 1604 1094 rero
1624 1022 1897 1096 formidandum
1918 1047 1993 1098 esse
2012 1027 2128 1104 malis.
2174 1027 2247 1103 Nee
2262 1034 2317 1104 exi

306 1129 408 1198 bram
423 1140 459 1198 et
475 1123 712 1195 ceremoniam
735 1124 844 1196 nnius
865 1125 1026 1194 muneris
1046 1125 1223 1209 retinent,
1245 1123 1301 1192 vi·
1351 1145 1421 1212 gua
1440 1147 1582 1194 morum
1606 1125 1789 1218 corruptio
1811 1126 1899 1199 inde
1919 1142 2000 1202 orta
2020 1143 2091 1216 est,
2116 1133 2316 1224 qnodtorun

306 1228 452 1308 delicet,
477 1227 741 1297 ordinationem
754 1225 833 1296 sine
846 1225 1100 1317 exploratione.
1152 1223 1300 1296 Interim
1351 1219 1641 1298 Ecclesiasticum
1653 1226 1842 1320 impedivit
1854 1231 2101 1321 magistratum
2118 1233 2265 1322 cicitur,
2283 1261 2317 1308 rc

309 1341 430 1400 tenent
455 1327 790 1423 amplasditiones,
822 1351 912 1420 quas
937 1352 1020 1398 cum
1038 1327 1301 1414 administrant,
1354 1325 1551 1422 inquireret
1565 1340 1626 1398 ant
1646 1329 1791 1420 puniret
1813 1331 1999 1404 adulteria.
2048 1332 2107 1405 Sit
2124 1334 2229 1425 igitur
2247 1337 2318 1429 rigi

305 1433 451 1504 drusum*
482 1430 608 1500 officiis
647 1431 866 1518 iungrntur,
914 1452 989 1500 uon
1028 1425 1301 1520 Episcopomun
1352 1428 1431 1498 lans
1446 1441 1482 1500 et
1496 1453 1576 1500 acer
1590 1431 1813 1522 magistratus
1828 1433 1915 1506 sciat
1939 1457 1976 1506 se
1997 1433 2206 1530 disciplinae
2224 1455 2319 1512 custo

169 1567 172 1578 ·
307 1532 407 1622 Quas
432 1531 463 1602 ei
493 1532 622 1602 uolunt
646 1532 820 1616 retinere,
857 1531 1051 1602 nonenim
1076 1531 1302 1624 impedimus,
1353 1531 1436 1620 dem
1465 1555 1539 1600 esse
1570 1530 1745 1613 divinitus
1769 1533 1810 1606 in
1842 1527 1909 1605 hac
1942 1537 2093 1608 statione
2128 1525 2318 1633 collocatum.

307 1635 522 1706 deliberetur
543 1633 737 1717 de‘ocrtis,
766 1631 833 1728 qui
858 1655 940 1702 vere
962 1643 1086 1723 regant
1109 1629 1300 1704 Ecclesias:
1356 1627 1505 1702 Interim
1527 1645 1645 1703 tamen
1668 1629 1909 1707 Ecclesiastici
1931 1637 2066 1710 indices
2090 1663 2196 1733 suum
2216 1641 2319 1719 iaciant

306 1749 341 1808 et
356 1749 516 1828 utsupra
528 1735 665 1806 dictum
680 1747 752 1815 est,
776 1747 939 1826 oportere
960 1734 999 1804 in
1023 1735 1182 1829 qualibet
1200 1735 1302 1806 dine·
1354 1733 1523 1808 officium.
1571 1729 1621 1804 Et
1636 1735 1718 1830 quia
1742 1735 1782 1806 in
1798 1739 1921 1810 multis
1935 1736 2022 1810 iocis
2033 1741 2150 1812 civilis
2165 1744 2319 1836 magistn·

307 1837 376 1908 cesi
392 1859 466 1908 esse
487 1851 601 1910 certos
622 1837 778 1908 delectos
801 1837 916 1920 viros,
940 1837 1005 1930 qui
1026 1837 1183 1929 praesint
1201 1837 1303 1908 ordi·
1355 1850 1412 1906 tns
1437 1861 1479 1906 er
1504 1837 1657 1930 quadam
1680 1837 1792 1910 veteri
1822 1855 1858 1912 et
1879 1866 1988 1932 prava
2013 1845 2262 1916 consuetudine
2279 1869 2320 1916 se-

309 1940 465 2024 nationi,
497 1953 533 2010 et
557 1938 793 2030 explorationi
818 1939 1123 2022 ordinandorum,
1148 1939 1196 2011 ita
1220 1940 1303 2025 sint,
1354 1938 1459 2028 guior
1474 1951 1526 2008 est
1540 1936 1579 2006 in
1593 1938 1785 2030 puniendis
1799 1943 2003 2026 adulteriis,
2031 1945 2113 2016 ideo
2136 1963 2277 2040 pastores
2295 1964 2319 2018 et

306 2065 370 2114 seu
389 2042 500 2112 iidem
519 2063 582 2112 seu
605 2041 688 2124 alii,
712 2040 778 2134 qui
795 2039 954 2130 praesint
969 2039 1110 2115 iudiciis
1126 2037 1303 2114 Ecclesia·
1355 2040 1488 2112 iudices
1501 2035 1744 2112 Facdesiastici
1759 2043 1832 2116 sint
1849 2045 2095 2136 diligentiores
2118 2049 2158 2118 in
2178 2073 2238 2122 sno
2255 2049 2319 2120 offi-

306 2143 423 2228 airis,
446 2157 482 2214 ct
497 2142 644 2214 visitent
654 2139 845 2216 metans.
1352 2142 1422 2217 cio.
1469 2139 1596 2212 Pastor
1614 2144 1806 2216 admoneat
1825 2145 1999 2218 obnoxios
2022 2149 2250 2238 criminibus,
2273 2155 2321 2222 sd·

1354 2241 1512 2328 ulteriis,
1550 2238 1730 2334 Epicureo
1751 2249 1947 2320 contemtui
1969 2246 2154 2342 religionis
2176 2249 2321 2326 Christis

1354 2369 1440 2430 nae,
1462 2339 1679 2438 blasphemis
1699 2349 1942 2438 sermonibus,
1972 2353 2160 2444 periuriis,
2190 2369 2246 2427 aut
2262 2356 2322 2426 aliis

1353 2446 1576 2522 criminibus.
1626 2447 1669 2519 Si
1688 2451 1895 2524 admonitus
1920 2477 1996 2528 nou
2018 2455 2209 2548 pollicetur
2228 2481 2322 2528 cneo-

1352 2549 1534 2620 dationem
1550 2574 1713 2636 morum,
1738 2552 1873 2626 delerat
1887 2577 1970 2626 eum
1992 2555 2160 2630 decuriae
2181 2560 2322 2644 iudicum,

1353 2646 1412 2735 bi,
1435 2675 1476 2721 re
1501 2651 1672 2746 inquisita
1690 2645 1749 2750 ')‚
1778 2657 1991 2729 sententiam
2014 2661 2322 2735 excommunicatio·

1350 2753 1412 2822 nis
1437 2753 1554 2824 ferant
1581 2755 1752 2826 adversus
1768 2779 1902 2846 reum,
1935 2781 1977 2830 oe
2003 2762 2225 2853 magistratui
2248 2763 2322 2833 cirili

1353 2855 1686 2959 &remanentiam
1701 2857 1874 2935 indicent.
1938 2885 1942 2893 ·

406 2287 593 2382 Fungatur
613 2289 724 2382 igitur
757 2313 841 2359 vero
875 2313 1024 2360 munere
1042 2282 1214 2384 Episcopi
1240 2314 1301 2362 seu

305 2418 398 2466 nnus
412 2391 544 2488 aliquis
559 2405 653 2467 certo
669 2391 761 2476 loco,
787 2412 850 2460 seu
862 2380 949 2462 haec
968 2385 1112 2464 decuria
1133 2393 1303 2464 iudicum.

305 2495 454 2568 Necesse
476 2497 529 2565 esl
552 2493 647 2563 enim
669 2494 707 2562 in
724 2489 882 2564 Ecclesia
909 2517 981 2564 esse
1000 2493 1139 2590 aliquos
1152 2497 1302 2566 idoneos

306 2599 562 2690 gubernatores
584 2597 768 2686 doctrinae
787 2609 824 2667 et
845 2595 1097 2671 ordinationis.
1154 2595 1303 2668 Necesse

306 2715 359 2771 est
380 2699 513 2770 indicia
536 2697 688 2770 exerceri
714 2699 759 2768 de
773 2697 957 2784 doctrina,
982 2700 1077 2770 etde
1093 2713 1303 2790 controuer-

307 2799 370 2872 siis
390 2799 631 2896 sponsalium,
657 2801 703 2869 de
723 2797 899 2870 divortiis.
952 2799 1103 2872 Necesse
1123 2813 1176 2872 est
1198 2801 1303 2872 resti-r

306 2905 360 2976 tui
383 2901 781 2975 excommunicationem
805 2901 1008 2973 mandatam
1030 2901 1072 2972 in
1093 2895 1302 2994 Evangelio.
1957 2985 1960 2992 ⁴

305 3005 414 3080 Hunc
426 2999 598 3099 Episcopi
611 3003 801 3086 vicarium,
827 3026 889 3074 seu
903 2997 994 3074 hanc
1011 3003 1191 3074 decuriam
1206 3005 1303 3076 iudi·
1456 2982 1506 3058 Ei
1526 2983 1575 3060 ¹⁰2⁸
1597 2987 1669 3060 Sint
1691 2989 1881 3064 ⁶⁰¹¹⁵lll¹¹l³
1907 2991 2039 3068 iuditia
2062 2988 2227 3080 delectis,
2251 3009 2322 3070 terit)

306 3133 388 3180 cum
403 3121 545 3178 tueatur
558 3105 638 3192 ille,
664 3105 726 3200 qui
742 3103 888 3178 titulum
905 3119 1000 3178 tenet
1012 3103 1194 3200 Episcopi.
1354 3113 1503 3160 numero
1521 3089 1607 3160 viris
1623 3091 1811 3181 gravibus,
1832 3095 1945 3168 doctis
1962 3114 1997 3170 et
2011 3097 2136 3182 iustis,
2161 3125 2206 3171 ne
2227 3117 2323 3196 pastor

1354 3205 1415 3260 aut
1430 3192 1617 3286 quisquam
1639 3191 1729 3263 alius
1751 3195 1916 3274 videatur
1937 3199 2021 3270 odio
2045 3203 2165 3294 potius
2186 3229 2275 3279 reum
2294 3201 2323 3270 in

1354 3293 1552 3386 periculum
1566 3297 1752 3382 adducere,
1777 3321 1883 3391 quam
1902 3303 2038 3372 moveri
2057 3303 2102 3372 ad
2117 3308 2324 3379 accusandum

1354 3393 1463 3465 officii
1485 3395 1633 3466 ratione.
1682 3393 1756 3468 Nec
1781 3399 1885 3472 liceat
1905 3405 1973 3473 soli
1989 3394 2131 3496 ¹pastori
2157 3403 2242 3480 ierre
2262 3431 2323 3477 seu-

1353 3494 1500 3568 tentiam
1536 3500 1933 3590 excommunieationis,
1974 3507 2053 3578 sine
2088 3509 2163 3584 ulla
2193 3511 2323 3582 iudicum

408 3254 483 3332 lam
505 3257 537 3328 si
559 3257 709 3348 collegia
729 3250 903 3332 haherent
928 3257 1024 3328 viros
1049 3258 1200 3342 metor,
1225 3257 1304 3349 pios

304 3360 577 3439 cremebatur:
601 3358 904 3450 expeditissimum
919 3373 1008 3430 esset
1024 3359 1138 3448 legere
1153 3353 1220 3431 hos
1238 3359 1303 3432 iu·

304 3461 641 3555 dicesepcollegiis.
690 3459 762 3533 Sed
777 3462 935 3536 addendi
947 3473 1033 3536 suut
1045 3461 1165 3556 aliqu
1188 3455 1302 3538 hooc·

304 3580 365 3684 ⁵¹,¹’
397 3587 523 3683 &lim
558 3577 594 3637 ‘t
625 3565 722 3635 ‘¹⁰⁰¹'
742 3587 833 3681 yffi,
850 3563 945 3638 ¹³¹⁰*
1009 3559 1060 3636 Ei
1087 3587 1127 3636 η
1152 3564 1321 3684 'minin'
1354 3597 1517 3685 decuria,
1544 3610 1605 3669 aut
1621 3599 1763 3672 nemine
1778 3597 1938 3677 adhibito
1954 3631 1993 3676 er
2010 3605 2268 3689 honestioribus
2285 3609 2324 3680 ri-

305 3667 526 3786 fl¹⁰f⁰²⁶¹h⁰⁸
548 3689 612 3786 ΡΨ
634 3665 1020 3784 ωψιωὼηῖΡιω
1035 3663 1122 3740 “¹⁶⁸
1135 3665 1304 3738 ‘imm‘
1353 3699 1404 3770 ris
1419 3696 1706 3777 suaeEeclesiar.
1757 3699 1807 3778 Ut
1819 3706 1914 3776 enim
1931 3707 2204 3785 vocanturhaec
2219 3711 2324 3786 iudicia

305 3771 465 3886 ¹⁰d¹5⁰¹¹¹
482 3779 756 3885 ‘⁰¹¹⁵l¹²¹¹,³¹¹¹¹¹¹’
780 3768 843 3885 'fd
857 3781 906 3886 ’,η
919 3791 991 3885 ⁰¹¹³!
1006 3789 1183 3886 ’ΨΜ
1201 3788 1303 3861 ‘1⁰⁸⁰’
1354 3797 1549 3887 Ecclesiae,
1586 3802 1636 3872 ita
1656 3814 1740 3875 sunt
1761 3807 1882 3898 plnres
1907 3805 2124 3898 adhibendi,
2156 3829 2197 3888 ut
2217 3815 2324 3888 Paulus

305 3885 347 3944 ut
363 3873 589 3953 dictumest,
615 3865 1100 3982 srvelutvrcanaEprscopu
1356 3903 1482 3976 voluit·
1546 3900 1729 3999 Tyranni,
1759 3924 1811 3980 es,
1838 3909 1984 3982 inimica
2014 3909 2206 3994 Ecclesiae·
2258 3913 2323 3986 Idm

388 4012 458 4097 *ut
471 4001 594 4093 'aurem
616 4015 774 4093 habeam
796 4015 863 4092 hae
886 4021 1049 4094 decuria„
1068 4013 1218 4095 hohesta
1239 4023 1305 4095 311.
1356 4007 1489 4098 species
1512 4007 1629 4076 omnis
1649 4011 1851 4103 tyrannidis
1871 4013 1912 4084 in
1928 4007 2110 4090 Ecclesiae
2133 4011 2266 4092 iudiciis
2283 4015 2324 4088 sn·

308 4127 456 4220 pendia,
472 4139 592 4220 ‘certae
617 4119 839 4221 praebendae
865 4131 1037 4216 seucerta
1053 4125 1218 4216 collegia,
1241 4149 1303 4197 seu
1356 4107 1484 4208 blenda
1504 4121 1565 4178 ⁸⁸¹·
1909 4135 1913 4144 ’
2021 4119 2026 4130 ’
2098 4130 2103 4145 ·
2210 4115 2214 4133 '

308 4219 443 4302 reditus
460 4227 758 4315 monasteriorum
773 4229 818 4326 ad
837 4219 905 4299 hos
925 4242 1018 4297 usus‘
1032 4224 1303 4302 transferantur.
1457 4237 1488 4312 X
1493 4239 1559 4318 ΠΙ,
1579 4239 1649 4316 His
1662 4217 1816 4316 decuriis
1831 4245 1992 4345 iudicum
2006 4232 2278 4334 commendanda
2287 4265 2324 4328 est

308 4325 451 4420 Quanta
478 4343 530 4398 est
556 4328 651 4398 enim
673 4329 778 4398 turba
797 4328 993 4400 otiosorum
1010 4338 1043 4398 et
1058 4325 1305 4420 ignavissimo·
1356 4343 1509 4414 visitatio
1518 4337 1767 4434 Ecclesiam,
1791 4347 1857 4420 uhi
1871 4353 1915 4422 de
1932 4351 2324 4448 doctrinapastoronht

307 4455 387 4502 rum
413 4425 599 4548 hominum
621 4453 719 4500 nunc
739 4427 779 4499 in
802 4429 958 4521 collegiis
980 4443 1016 4539 et
1029 4431 1207 4523 opulentis
1225 4459 1305 4504 mo·
1356 4447 1554 4542 inquisitio.
1605 4445 2232 4550 Coerceanturpetulantiaingenia,
2255 4479 2324 4552 quat

308 4531 499 4637 nasternsi
1229 4542 1266 4649 ’,Ι
1355 4564 1478 4622 serunt
1489 4547 1576 4624 falsa
1602 4551 1789 4641 dogmata,
1814 4553 1988 4628 tollantur
2005 4563 2324 4656 superstitiones,et

410 4677 578 4764 Constat,
604 4681 727 4771 exigua
742 4679 890 4772 pecnnia
907 4681 1001 4771 apud
1019 4679 1305 4775 officialespoese
1355 4663 1489 4768 ilium
1513 4653 1559 4722 “d
1584 4675 1673 4748 ΨΜ
1694 4653 1785 4728 finni
1811 4677 2028 4745 ⁹⁰¹¹iu¹⁵¹¹⁵=
2058 4676 2095 4737 0²
2115 4664 2324 4756 3¹¹⁵Plssl³¹¹¹⁰¹

308 4781 524 4881 transigitis
544 4805 661 4874 poena
682 4781 883 4878 stupriraut
907 4783 1088 4871 adulterii.
1137 4781 1235 4859 llaec
1252 4787 1304 4856 le-
1356 4745 1637 4841 ‘ulmclwhffi
1658 4757 2104 4846 hlflubemffilmludlar
2206 4828 2210 4843 ·

307 4887 400 4958 nitas
422 4897 526 4974 auget
544 4884 734 4958 licentiam.
784 4881 869 4956 ideo
893 4885 1060 4956 severitas
1087 4883 1303 4961 iudiciorum
1394 4928 1397 4937 =
1428 4883 1705 4958 ttecottctnae
1719 4887 1994 4985 typographicae
2008 4897 2240 4991 negligendae
2252 4909 2324 4970 sunt

307 5003 341 5058 et
372 4989 564 5080 poenarum
599 4987 815 5058 restituenda
848 4999 912 5062 est.
980 4987 1037 5058 Ac
1067 4987 1225 5079 primum
1258 4993 1302 5062 de
1354 4983 1554 5061 Plurimum
1582 4990 1680 5060 enim
1702 4992 1826 5078 refert,
1870 4997 1993 5088 quales
2024 4999 2111 5071 libri
2136 5003 2277 5072 venient
2296 5001 2324 5067 in

306 5089 474 5160 omnibus
495 5087 704 5160 criminibus
725 5082 793 5160 hoc
814 5100 984 5162 servetur.
1036 5085 1176 5160 Habeat
1196 5113 1301 5162 suum
1354 5109 1480 5160 nunus
1504 5084 1712 5176 hominum,
1745 5097 2033 5193 cavendumque,
2065 5125 2111 5173 ne
2138 5113 2324 5206 spargantur

306 5193 362 5261 ius
376 5191 596 5280 magistratus
617 5191 745 5264 civilis.
797 5187 900 5263 Uter
916 5188 1032 5260 officio
1047 5189 1221 5262 laicorum
1237 5195 1301 5264 de-
1353 5189 1462 5284 inpia
1478 5193 1861 5282 dognauauttsnori
1881 5199 2008 5273 libelli.
2056 5201 2146 5276 lde'o
2163 5206 2324 5296 magistu·

306 5294 387 5363 licta
411 5293 561 5386 inquirit
585 5309 619 5364 et
643 5293 765 5386 punit,
790 5293 840 5361 ita
864 5293 1061 5362 sacerdotes
1085 5296 1300 5365 reos-mani·
1712 5327 1720 5339 -·

305 5397 473 5465 festorum
490 5395 697 5482 criminum,
721 5391 854 5486 stupri,
880 5385 1064 5482 adulterii,
1088 5393 1195 5480 furti,
1220 5421 1299 5468 eae·

306 5497 381 5578 dis,
415 5509 451 5567 et
472 5495 663 5582 similium,
697 5495 823 5590 puniat
847 5516 991 5568 suarum
1016 5495 1134 5588 legum
1160 5499 1298 5591 poeuis.
1385 5523 1500 5598 quse
1516 5528 1667 5598 cecum.
