4764 6270
297 345 372 420 am
865 332 1308 414 ne1sronanuu
1357 333 1597 450 neuun.
1650 275 1783 416 rare.
1832 384 1834 390 -
2047 309 2091 392 Ἰ
2248 347 2305 426 sos

299 518 458 611 flagitare
474 513 701 586 domesticam
717 511 962 602 concordiam3
984 524 1019 584 et
1031 507 1124 584 hanc
1138 523 1214 586 toto
1230 533 1294 605 pe·
1447 509 1518 584 Sed
1545 511 1576 582 si
1600 510 1678 604 quis
1702 523 1798 603 potat
1823 509 1940 584 sanari
1965 509 2035 586 boe
2054 513 2185 586 malum
2203 515 2307 590 iocosis

294 638 396 694 ctore
412 616 769 710 opt03'sedprolerto
785 637 913 706 magna
938 627 991 685 est
1013 615 1196 707 impietas,
1226 615 1295 684 oh-
1346 613 1656 686 conciliationibus
1673 614 1898 702 dogmatum,
1920 615 2031 708 longe
2042 618 2184 689 fallitur.
2230 617 2309 708 Qus·

302 724 419 794 livisci
443 716 607 792 homines
630 731 684 788 tot
716 717 917 789 seculorum
949 717 1095 802 delicta,
1131 711 1296 788 oblivisci
1345 715 1393 786 lia
1418 714 1836 795 autemsintdnvoluera
1859 717 1990 807 passim
2007 719 2309 810 sparssinlibrnm,

302 826 458 922 privatas
473 820 702 914 cupiditates,
724 831 761 894 et
777 842 879 888 veros
895 818 1060 890 odiorum
1075 820 1211 902 lentes,
1231 815 1297 910 qui
1345 815 1628 910 prudeusleetor
1642 817 1746 888 laeile
1760 832 1936 908 mearet,
1982 817 2112 913 Neque
2129 832 2239 892 tamen
2257 823 2311 894 in·

303 939 485 1014 merentur
500 944 651 1012 poenas,
675 933 710 994 et
734 913 898 990 accusare
914 916 1297 1008 Evangelium,·accu-
1345 918 1474 1010 pedio,
1507 917 1666 1012 otmaro
1691 919 1868 992 delectant
1893 915 1982 990 haec
2007 917 2155 1016 Ulyssaa
2180 923 2309 1010 artificis,

303 1051 382 1102 sare
393 1025 527 1107 Deum,
552 1023 625 1117 qui,
651 1045 696 1092 ne
713 1021 877 1118 funditus
890 1020 1021 1112 periret
1035 1016 1206 1102 Ecclesia,
1230 1041 1296 1112 pro
1347 1043 1419 1114 quo
1443 1019 1564 1090 minus
1583 1019 1734 1094 ineatur.
1784 1017 2310 1096 Plaecramihimrdmatasseu·

304 1153 367 1202 sua
389 1129 561 1200 immensa
584 1123 769 1194 elementia
786 1145 911 1196 rursus
923 1121 1083 1194 accendit
1097 1121 1297 1192 doctrinam
1347 1121 1475 1194 tentiae
1487 1133 1661 1192 testantur
1674 1145 1750 1194 mea
1766 1123 1897 1214 scripta
1920 1137 1958 1194 et
1976 1149 2075 1195 meae
2100 1123 2262 1213 actiones,
2282 1153 2310 1199 ae

304 1233 514 1308 salutarem,
538 1251 644 1321 mam
661 1237 808 1296 tconstat
829 1247 939 1316 paene
962 1223 1150 1296 extinctam
1177 1222 1298 1296 fuisse.
1347 1223 1444 1294 solco
1474 1245 1577 1314 saepe
1606 1222 1727 1294 iocans
1758 1223 1894 1310 dicere,
1933 1249 1990 1296 rne
2014 1229 2114 1322 seqni
2139 1225 2312 1301 Aristotdia

302 1320 1084 1416 Debestautonnrnereingratihominesuno
1096 1315 1300 1420 ore‘)cou·
1348 1318 1630 1419 philosophiam,
1663 1323 1727 1418 qni
1747 1321 1941 1399 virtutibus
1960 1331 2130 1406 omnibns
2153 1325 2237 1402 hanc
2255 1355 2313 1402 ne·

306 1445 520 1528 queruntur.
553 1423 633 1502 Hoc
646 1429 773 1501 iubent
786 1449 853 1500 nos
867 1425 1031 1514 abiicere,
1056 1441 1096 1502 ut
1110 1426 1224 1520 patria
1237 1427 1301 1498 de-
1348 1441 1421 1500 tam
1449 1423 1654 1510 constituit,
1685 1426 1849 1500 videlieet
1868 1421 2101 1524 popisma.
2152 1429 2220 1502 Sed
2239 1433 2313 1502 iden

305 1535 404 1606 leodi
421 1533 543 1626 possit.
591 1527 728 1600 Multas
748 1527 907 1599 Ecclesia
932 1529 1093 1620 ingentes
1114 1548 1301 1600 aerumnas
1350 1522 1560 1599 Aristoteles
1582 1525 1681 1614 gravi
1701 1529 1850 1598 consilio
1866 1530 2038 1602 discernit
2054 1558 2074 1602 a
2089 1533 2314 1618 mediocritate,

304 1637 447 1731 perfert.
497 1626 676 1707 Sednihil
690 1631 826 1701 tristius
843 1653 884 1700 ac
900 1629 1062 1702 acerbius
1076 1644 1128 1704 est
1151 1625 1219 1700 hac
1238 1651 1301 1698 ve-
1350 1651 1411 1700 seu
1434 1628 1697 1713 moderatione,
1729 1625 1923 1724 εἰρωνείαν
1944 1655 2053 1725 quarn
2080 1635 2224 1726 quidem
2243 1637 2314 1704 inter

305 1751 436 1810 uenata
459 1733 656 1818 calumnia,
695 1755 766 1826 qua
797 1733 1000 1804 deformant
1027 1753 1104 1804 eam
1131 1728 1301 1822 Epicurei
1350 1730 1438 1802 vitia
1456 1743 1626 1803 recenset.
1684 1727 1854 1824 Etsaepe
1876 1735 2031 1824 captiosa
2054 1735 2257 1818 caritonis,
2284 1759 2314 1804 ar

305 1841 500 1932 sapientes,
525 1833 588 1928 qui
601 1832 787 1904 coelestem
801 1833 999 1904 doctrinam
1012 1834 1124 1904 lacem
1140 1854 1213 1901 esse
1227 1831 1302 1901 dis-
1349 1829 1392 1902 ut¹
1415 1825 1672 1922 Aristophanes
1695 1831 1803 1918 dicit,
1846 1828 1964 1905 σαίνει
2001 1829 2315 1928 desuadendam

306 1943 480 2013 sidiorum
497 1936 690 2024 clamitant,
739 1931 794 2005 De
807 1929 874 2004 hae
895 1933 1071 2008 calumnia
1088 1934 1249 2028 queritur
1260 1932 1301 2000 in
1350 1924 1455 2006 setim
1476 1925 1677 2031 λήθαρνος.
1741 1929 1816 2006 Res
1844 1947 1991 2004 testatur
2012 1931 2111 2028 ipsa,
2143 1933 2208 2006 hoc
2229 1959 2314 2027 genos

306 2041 457 2116 Psalmis
480 2039 555 2132 ipsa
572 2033 730 2108 Ecclesia
746 2036 928 2130 inquiens:
955 2031 1161 2128 Opprobria
1174 2055 1302 2126 expre-
1351 2033 1551 2117 doetrinae,
1571 2033 1669 2127 quod
1688 2033 1914 2125 profitemur,
1946 2059 2021 2120 non
2039 2031 2197 2108 humana
2211 2039 2316 2128 ragad-

306 2143 489 2216 brantium
515 2140 582 2230 tibi
606 2137 810 2210 ceciderunt
829 2161 937 2231 super
962 2161 1030 2208 me.
1097 2133 1163 2211 Est
1182 2151 1302 2207 antem
1350 2135 1646 2226 tatapataiactum
1667 2157 1759 2220 esse,
1775 2138 1851 2208 aad
1874 2136 2048 2209 divinitus
2068 2137 2197 2210 iterum
2218 2137 2316 2210 Eccle-

308 2245 422 2318 facilis
435 2258 471 2314 et
492 2240 674 2334 perspicua
698 2239 876 2312 refutatio.
927 2237 1016 2308 Nam
1039 2261 1141 2310 error
1160 2236 1303 2308 veritati
1351 2237 1422 2308 siae
1447 2235 1621 2321 illusisse3
1654 2236 1783 2308 deinde
1805 2251 1962 2324 constat,
1997 2239 2035 2309 in
2055 2241 2315 2334 eupropagaudo

310 2350 433 2418 cedere
456 2343 616 2414 debebat.
665 2338 738 2412 Sed
758 2341 797 2410 in
819 2335 886 2410 hae
908 2340 981 2410 vita
995 2333 1151 2412 Ecclesia
1167 2337 1303 2430 premi·
1350 2340 1430 2431 pios
1454 2361 1529 2406 non
1552 2337 1645 2406 levia
1672 2339 1862 2410 certamina
1882 2341 2102 2416 sustinuisse.
2156 2343 2250 2431 Qum
2267 2365 2316 2410 au·

310 2465 370 2522 tur
392 2443 585 2541 tyrannicis
609 2441 761 2515 iudiciis.
820 2439 962 2526 Vitam,
994 2463 1160 2532 corpora,
1184 2441 1301 2510 fortn·
1351 2454 1421 2510 mm
1437 2451 1527 2510 esset
1542 2437 1777 2530 ingratitudo,
1803 2465 1902 2512 nunc
1921 2443 2129 2534 extinguere
2150 2445 2256 2514 lucem
2274 2443 2316 2512 di-

310 2573 375 2620 nsa
388 2571 452 2640 pro
472 2543 653 2616 communi
669 2541 925 2636 tranquillitate
941 2563 1070 2632 magno
1094 2539 1216 2612 animo
1236 2543 1303 2612 ad·
1351 2542 1484 2612 vinitus
1506 2561 1706 2624 accensam,
1738 2556 1774 2612 et
1798 2543 2007 2612 confirmare
2034 2569 2160 2615 eorum
2185 2545 2317 2637 pertina-

310 2652 409 2724 ducit
428 2650 468 2716 in
491 2645 699 2730 discrimen,
738 2645 799 2714 sed
829 2643 980 2714 abiicere
1009 2643 1196 2716 veritatem
1226 2665 1301 2712 non
1351 2645 1441 2714 clam
1474 2641 1538 2734 qui
1570 2641 1813 2712 crudelitatem
1846 2645 1885 2712 in
1912 2647 2074 2716 doctores
2102 2659 2316 2716 exercuerunt

312 2765 437 2846 petest.
464 2745 627 2848 ,Interea
641 2747 764 2824 eadem
785 2767 868 2816 vera
882 2741 1038 2818 Ecclesia
1060 2759 1215 2838 praestat
1234 2769 1302 2836 po-
1350 2742 1583 2816 Retincamus
1604 2739 1673 2812 Dei
1692 2745 1857 2828 donum,¹
1873 2757 1909 2814 et
1922 2769 1979 2831 aa,
1997 2771 2087 2840 qnae
2110 2763 2193 2820 sunt
2212 2761 2315 2816 verast

311 2846 565 2935 litica'olbcia,
589 2859 708 2918 tuetur
734 2845 828 2916 cives
851 2869 891 2916 ac
912 2847 1043 2932 socios,
1068 2847 1214 2918 dimicat
1235 2869 1301 2937 pro
1350 2841 1528 2916 Ecclesiae
1555 2843 1767 2929 necessaria,
1800 2849 1996 2931 moderate,
2019 2851 2082 2917 sed
2104 2864 2219 2920 tamen
2241 2851 2316 2937 inge·

310 2953 435 3050 patria.
495 2949 542 3024 Et
569 2949 712 3044 quidem
740 2947 780 3015 in
814 2939 882 3016 hoc
911 2969 1024 3038 agone
1049 2947 1168 3018 lucere
1197 2947 1302 3016 iidem
1351 2971 1442 3029 niro,
1472 2946 1616 3035 proprie
1638 2958 1674 3014 et
1697 2946 1877 3036 perspicue
1899 2948 2068 3023 dicamus.
2129 2949 2316 3041 Plerumque

311 3069 468 3149 oportet,
509 3053 698 3125 adeuntem
725 3049 883 3142 ingentia
907 3047 1085 3140 pericula,
1117 3061 1303 3140 propterea
1351 3047 1581 3139 perspicuitas
1594 3046 1764 3116 orationis
1777 3061 1830 3118 est
1843 3048 1983 3138 signum
1998 3064 2165 3122 recteest
2180 3047 2317 3120 leonastes
2357 3087 2358 3091 =

311 3158 407 3253 quod
423 3157 542 3226 adesse
558 3149 673 3222 Deum
694 3151 944 3244 opitulatorem
967 3150 1099 3234 statuit.
1150 3147 1303 3220 Excellit
1350 3148 1561 3230 volontatis,
1601 3147 1699 3218 iuxta
1728 3145 1816 3218 illud
1843 3145 2100 3241 Euripideum,
2141 3149 2268 3224 ἐσθλὸν
2286 3147 2316 3218 τὸ

311 3283 393 3332 vera
408 3253 566 3347 Ecclesia
579 3251 824 3342 magnitudine
837 3247 968 3338 animi,
994 3275 1074 3322 rum
1101 3252 1175 3324 sols
1195 3251 1301 3321 intel·
1351 3247 1478 3342 σαφές.
1530 3245 1577 3318 Et
1593 3249 1751 3336 prolecto
1767 3250 1805 3318 in
1820 3245 1988 3322 Ecclesiis
2003 3277 2095 3346 opus
2110 3269 2163 3326 est
2185 3253 2318 3346 proprie

311 3363 400 3452 ligat
415 3381 480 3433 nos
495 3356 541 3429 ad
554 3353 662 3425 aliam
677 3353 781 3444 longe
797 3351 981 3425 meliorem
1004 3354 1114 3427 vitam
1139 3351 1302 3424 conditos
1351 3365 1421 3422 tato
1436 3365 1469 3424 ct
1484 3349 1734 3442 perspicuitate
1746 3351 1787 3419 in
1803 3351 1974 3439 dicendo,
1999 3377 2107 3447 qrram
2128 3357 2191 3449 qni
2213 3367 2317 3434 amant,

312 3481 512 3549 esse,.cum
526 3453 756 3526 sciateansas
770 3476 870 3527 veras
892 3455 1134 3526 communium
1158 3453 1302 3526 calami-
1351 3455 1487 3540 fugient
1502 3452 1594 3520 dicta
1611 3451 1817 3544 ttsxitoqua,
1842 3454 1961 3546 qualia
1976 3456 2087 3526 multa
2109 3471 2193 3526 srrnt
2214 3457 2249 3526 in
2267 3449 2317 3525 hoc

312 3577 446 3648 tetum,
471 3573 508 3634 et
520 3555 702 3640 didicerit,
725 3577 833 3648 quam
856 3553 903 3626 sit
927 3555 1025 3646 pium
1053 3567 1089 3628 et
1109 3556 1301 3646 gloriosum
1352 3557 1455 3628 libro
1491 3551 1540 3622 Et
1554 3551 1702 3622 admixti
1718 3567 1800 3624 sont
1813 3553 1950 3654 aliquot
1963 3555 2032 3626 loci
2047 3573 2169 3648 aperte
2182 3579 2317 3650 puguan-

312 3663 503 3756 reprimere
528 3657 713 3736 diabolum
734 3670 950 3746 grassmtcm
975 3656 1013 3726 in
1039 3655 1158 3749 impiis
1190 3671 1224 3727 et
1245 3671 1302 3750 ty·
1352 3671 1403 3728 tes
1428 3679 1508 3724 cum
1527 3653 1701 3723 sententia
1728 3669 1930 3726 nostrarum
1950 3652 2202 3734 Ecclesiarum.
2253 3657 2316 3728 ldoo

313 3763 469 3846 rennicis
491 3759 675 3854 Imperiis,
708 3757 862 3850 denique
883 3781 964 3828 curn
986 3757 1200 3839 inexercitu
1223 3759 1302 3849 pio-
1350 3757 1505 3828 adiectae
1528 3768 1612 3824 saint
1632 3756 1878 3846 responsiones
1909 3771 2068 3844 nostrae,
2103 3763 2144 3832 in
2169 3773 2316 3832 conventu
2356 3801 2357 3816 η

312 3865 534 3940 nrmdocem
550 3862 669 3932 adesse
685 3857 817 3930 Filium
834 3855 903 3928 Dei
923 3859 1039 3946 norit,
1065 3861 1301 3932 destruentem
1351 3851 1549 3942 exliibitae,
1588 3881 1678 3950 quae
1704 3861 1902 3928 verecunde
1928 3873 1962 3930 et
1989 3863 2171 3933 moderate
2197 3863 2316 3952 scriptae

314 3990 420 4062 opera
445 3963 591 4048 diaboli.
649 3959 748 4034 Haec
764 3959 889 4030 animi
909 3961 1116 4052 magnitudo
1136 3961 1242 4032 etiam
1263 3960 1303 4028 in'
1351 3973 1445 4032 siant.
1494 3957 1662 4028 Nessum
1681 3972 1803 4030 nostro
1817 3983 1966 4032 munere
1979 3960 2018 4030 in
2032 3963 2315 4055 explicationem

313 4071 383 4163 piis
397 4065 605 4142 mulieribus
626 4085 728 4159 saepe
746 4075 932 4154 conspecta
953 4075 1016 4138 cst.
1066 4059 1115 4136 Et
1135 4062 1226 4132 salso
1248 4061 1304 4130 ia·
1351 4062 1504 4145 etrinoe,
1538 4059 1632 4130 leona
1666 4061 1877 4132 conscicntia
1911 4063 2025 4132 suncti
2052 4087 2193 4148 sumus,
2228 4063 2315 4132 exitus

314 4172 441 4242 etitant
454 4167 586 4258 ignavi,
608 4188 645 4239 se
662 4186 735 4233 esse
751 4157 929 4236 Ecclesiae
942 4164 1114 4235 membra.
1162 4160 1304 4234 Deinde
1351 4161 1427 4232 Deo
1450 4164 1753 4246 commendemus,
1777 4164 1840 4255 qui
1858 4159 2054 4235 Ecclesiam
2075 4190 2158 4236 mun
2179 4167 2315 4236 adversas

226 4333 243 4359 ,
314 4272 416 4344 novit
438 4264 594 4340 Ecclesia
616 4265 758 4362 politias
782 4265 957 4336 divinitus
985 4265 1192 4338 constitutas
1217 4287 1303 4344 esse,
1352 4261 1539 4333 Tunicam
1553 4263 1797 4334 crudelitatem
1817 4265 1998 4350 desendet,
2028 4279 2108 4336 tum
2129 4267 2271 4336 servabit
2288 4263 2314 4329 iu

315 4389 351 4446 et
372 4385 467 4442 amat
488 4363 585 4438 hunc
606 4367 791 4450 ordinem,
824 4380 917 4441 amat
942 4389 1067 4438 omnes
1094 4367 1304 4438 coniunctos
1352 4363 1442 4434 aliis.
1466 4365 1741 4456 tempestatibus.
1803 4363 1910 4436 Hand
1944 4367 2054 4436 dnbio
2085 4369 2243 4438 miranda
2266 4361 2314 4437 lid

315 4474 482 4544 civilibus
504 4469 677 4556 vinculis,
706 4467 832 4540 didicit
852 4489 892 4536 ex
914 4463 1130 4558 Evangelio,
1158 4491 1225 4538 nas
1241 4469 1304 4538 de-
1352 4489 1457 4556 opera
1484 4479 1566 4535 sunt
1590 4465 1812 4536 conservatio
1836 4461 2015 4536 Ecclesiae
2041 4482 2075 4538 et
2099 4469 2250 4539 defensio
2267 4487 2314 4557 pe

313 4579 398 4646 bere
423 4573 558 4646 animas
584 4595 649 4666 pro
677 4569 846 4640 fratribus
875 4591 1025 4660 ponere,
1059 4583 1100 4639 ut
1128 4565 1304 4640 lohannes
1352 4569 1523 4640 liriacum.
1576 4561 1662 4655 leleo
1684 4566 1829 4657 abipso
1851 4561 1939 4638 haec
1960 4581 1995 4640 et
2016 4581 2314 4660 petamusetcmr-

316 4676 450 4752 scribit.
501 4671 567 4744 llis
587 4671 694 4744 tantis
713 4671 827 4742 causis
844 4669 1056 4764 impellitur,
1079 4672 1304 4744 utomnibus
1353 4686 1497 4746 eternus.
1536 4667 1585 4740 Ut
1601 4661 1822 4738 Antiochum
1833 4667 1960 4759 exigua
1978 4671 2126 4758 auxilia,
2149 4686 2191 4742 nt
2205 4671 2249 4740 sit
2260 4667 2314 4738 Dt-

316 4775 442 4850 officiis
460 4773 582 4849 iuvare
604 4775 697 4859 cives
719 4785 754 4852 et
777 4771 890 4844 socios
912 4773 1043 4864 cupiat.
1090 4771 1173 4846 Non
1197 4773 1304 4862 igitur
1352 4771 1445 4855 niel,
1478 4769 1708 4862 depulerunt,
1746 4769 1797 4838 ita
1823 4769 2023 4864 aliquando
2047 4771 2148 4842 Dans
2177 4763 2312 4842 liberabit

315 4875 473 4951 accusari
501 4888 614 4970 potest
639 4868 816 4958 Ecclesia,
850 4897 923 4942 non
948 4873 1107 4947 coelestis
1132 4873 1304 4948 doctrina.
1352 4876 1509 4943 ortvema
1529 4869 1680 4942 Turrita
1695 4871 1888 4965 tyrannide
1899 4872 2056 4942 mirabili
2072 4875 2193 4952 modo',

315 4979 497 5053 Aliasunt
509 4997 597 5070 qnae
615 4973 791 5070 principes
803 4973 1032 5066 disiqurgnnt,
1055 4999 1209 5067 quomm
1228 4998 1305 5046 cer·

316 5081 449 5153 tamina
468 5080 606 5152 utinam
628 5077 759 5170 aliquis
782 5073 911 5148 Nestor
932 5077 1124 5148 dirimeret.
1179 5073 1246 5148 Est
1265 5077 1301 5146 id
1826 5081 1870 5158 Β,

316 5177 964 5378 φιάεωὲᾞᾉῃὲζζῗεὲῃῗοωὼ
984 5191 1024 5250 ¹¹¹
1040 5191 1142 5269 poem
1159 5180 1262 5250 ‘hm'
1440 5227 1636 5334 Praefatio
1661 5223 1885 5334 Philippi
1909 5229 2247 5319 Melanthonis.

466 5381 638 5454 Luxuries
654 5381 751 5454 vitiis
765 5380 926 5478 odiisque
942 5383 1104 5475 superbia
1122 5383 1238 5456 vertit.
1452 5383 1531 5456 Etsi
1543 5409 1616 5454 non
1631 5403 1777 5474 prorsus
1791 5384 1892 5468 novi,
1918 5385 2046 5478 qnibns
2068 5385 2222 5457 ¹consiliis
2234 5375 2311 5448 insti·

321 5495 505 5512 Ἀ

352 5525 383 5594 a)
401 5541 451 5578 are
464 5543 520 5578 om.
534 5523 603 5581 Met
618 5543 682 5599 opp.
1222 5523 1228 5536 ·
1353 5501 1449 5562 totae
1474 5487 1547 5558 sint
1568 5488 1723 5557 actiones
1736 5483 2035 5584 Ratisboqenses,
2066 5502 2185 5560 temen
2206 5495 2309 5556 ama
