4802 6268
73 357 134 432 tat
610 343 1048 426 EPISTOLARUM
1096 347 1209 424 LlB.
1233 345 1335 428 Vlll.
1387 347 1519 428 1541.
2013 347 2091 426 Mt

71 525 168 598 velint
193 519 327 593 veritati
352 541 472 591 rernm
494 535 672 614 gestarum
694 523 936 596 testimonium
960 543 1043 614 pcr-
1088 523 1209 594 forsan
1226 522 1361 616 impetn
1377 523 1488 614 magio
1505 521 1617 594 animi
1633 545 1740 617 quam
1760 535 1856 594 certo
1877 523 2011 595 iudicio
2035 525 2086 596 ef-

70 627 185 700 hibere.
230 621 538 710 Novembrium,
572 649 644 720 quo
667 639 861 718 pacto·nos
885 619 1042 696 adhunc
1089 626 1240 711 fuderit,
1277 626 1514 718 comperimus
1537 639 1675 711 manen,
1707 623 1810 697 illurn
1832 621 1898 696 hac
1920 647 1984 696 sua
2003 647 2087 718 sug»

69 725 267 826 provinciam
290 725 395 795 initio
417 727 533 798 vocati
553 728 675 804 simus.
725 725 850 824 Neque
864 727 979 813 enim,
1001 739 1043 798 ut
1089 729 1247 818 gestione
1272 727 1435 814 evicisse,
1474 741 1515 800 ut
1547 728 1588 797 in
1617 727 1744 820 primis
1769 728 1825 800 soi
1849 725 2086 800 Illustrissimi

69 831 165 916 scitis,
194 827 399 918 ingessimus
422 852 487 898 nos
508 827 623 914 ultro,
659 830 720 900 sed
745 831 808 902 diu
832 828 1042 922 ineptitudi-
1089 827 1274 922 Principes
1289 827 1438 915 Bavari,
1473 843 1507 901 et
1529 853 1594 922 per
1615 827 1681 901 hos
1699 831 1862 924 plerique
1883 831 1947 900 alii
1965 833 2009 902 ad
2025 831 2086 917 sic,

69 957 138 1004 nem
157 941 326 1014 nostram,
365 954 446 1000 cum
478 933 572 1024 apud
598 945 802 1004 nostrornm
821 929 1042 1022 Principum,
1088 945 1130 1003 ut
1153 933 1216 1002 ille
1238 933 1363 1017 vellet,
1401 932 1626 1003 sentiendum
1648 933 1721 1005 sint
1743 931 1919 1026 persuasi,
1954 945 1989 1004 et
2009 953 2086 1004 non

69 1031 251 1106 Electorum
265 1029 415 1120 Legatos
433 1043 468 1103 et
481 1030 730 1116 Consiliarios‚
762 1045 839 1104 tum
856 1035 951 1126 apud
969 1029 1041 1102 lm·
1088 1035 1248 1127 persuasi
1262 1047 1401 1106 tantum
1416 1035 1511 1128 qnod
1527 1037 1571 1104 ad
1589 1057 1625 1104 se
1639 1036 1780 1120 attinet,
1814 1036 1873 1104 sed
1891 1034 1997 1106 etiam
2014 1029 2086 1105 huc

70 1135 263 1232 peratoriam
280 1131 503 1204 Maiestatem
526 1137 787 1221 excusavimus,
817 1151 852 1210 et
876 1133 1041 1206 obtestati
1090 1137 1245 1222 adducti,
1269 1150 1310 1206 ut
1325 1133 1507 1206 Caesarine
1523 1135 1857 1230 quoqueMaiestati
1874 1131 1971 1222 haec,
1996 1159 2086 1230 quae

67 1261 185 1320 somus,
217 1247 256 1305 ut
281 1229 367 1306 baec
390 1236 527 1306 sarcina
549 1237 718 1308 iumentis
741 1251 839 1309 tanto
864 1239 967 1308 oneri
989 1237 1041 1306 fe-
1089 1235 1226 1309 Eccius
1243 1237 1415 1324 effutivit,
1447 1263 1554 1332 quam
1576 1239 1726 1308 maxime
1746 1241 1941 1332 approbata
1960 1238 2085 1312 velint.

70 1341 161 1410 reudo
175 1337 371 1430 aptioribus
386 1339 640 1430 imponeretur.
691 1339 782 1424 Sed,
807 1352 849 1410 ut
864 1351 1042 1411 noverunt
1089 1339 1159 1413 Sed
1176 1337 1245 1410 hoc
1259 1363 1333 1410 uno
1351 1364 1418 1410 nos
1432 1341 1573 1411 foelices
1588 1341 1803 1428 iudicamus,
1834 1342 1931 1433 quod
1947 1363 2011 1410 vos
2027 1363 2085 1431 re7

68 1439 280 1532 amplissimae
296 1437 570 1512 Domiuationes
585 1455 737 1526 vestrae,
762 1442 877 1512 auditi
892 1467 967 1512 non
980 1461 1041 1512 sn*
1088 1445 1156 1515 bus
1174 1443 1343 1514 omnibus
1363 1443 1525 1513 adfuistis
1547 1456 1776 1534 spectatores,
1810 1444 1906 1536 quod
1929 1437 2023 1512 nihil
2046 1442 2085 1511 in

68 1565 146 1628 mus,
168 1542 336 1632 protracti
354 1554 389 1612 et
404 1544 519 1614 adacti
540 1543 579 1612 in
600 1539 669 1614 hoc
692 1567 800 1636 opus,
829 1545 926 1638 quod
952 1544 1040 1614 alios
1088 1541 1155 1616 hac
1177 1557 1251 1616 tota
1274 1567 1378 1616 causa
1399 1545 1502 1615 vobis
1528 1544 1650 1614 insciis
1674 1557 1793 1615 actum
1818 1545 1882 1632 sit,
1922 1544 2084 1638 quinimo

67 1643 235 1734 suscepisse
254 1667 478 1735 cuperemus,
511 1645 573 1740 qui
597 1645 689 1716 illud
711 1646 838 1716 maiori
861 1669 942 1716 cum
963 1647 1041 1716 fru-
1088 1644 1182 1718 nihil
1202 1671 1315 1739 paene
1337 1647 1439 1716 vobis
1460 1669 1536 1717 non
1559 1647 1821 1722 mandantibus.
1881 1645 1922 1718 Si
1945 1645 2084 1738 privato

67 1761 115 1818 ctu
137 1745 314 1816 absolvere
342 1747 552 1838 potuissent.
609 1745 715 1819 Nunc
737 1747 802 1818 ubi
827 1747 1039 1839 postulatam
1089 1750 1255 1836 consilio,
1281 1749 1495 1834 ambitione,
1527 1771 1588 1819 seu
1604 1749 1680 1820 ullo
1701 1749 1828 1820 affectu
1847 1749 2000 1840 permoti
2018 1771 2085 1818 nos

69 1847 281 1920 obedientiam
307 1849 564 1938 praestitimus,
590 1861 643 1934 et,
670 1853 766 1941 qnod
783 1851 822 1918 in
840 1851 945 1922 nobis
961 1850 1041 1936 fnit,
1088 1853 1127 1922 in
1146 1847 1239 1922 hanc
1258 1851 1481 1943 provinciam
1502 1851 1786 1940 ingessissemus,
1820 1849 1945 1920 sinon
1966 1850 2004 1919 in
2027 1863 2085 1922 to-

68 1973 182 2020 summa
205 1971 285 2020 cnm
310 1950 379 2020 lide
393 1963 428 2020 et
444 1950 646 2024 sinceritate
659 1947 793 2048 (Denm
808 1965 843 2024 et
859 1953 1041 2023 conscien-
1090 1970 1182 2039 tum,
1215 1955 1313 2047 quod
1335 1951 1567 2044 Imperatoria
1584 1951 1751 2023 Maiestas
1775 1951 2017 2044 praescripsit,
2040 1951 2084 2020 ii·

68 2053 136 2122 tiam
148 2065 300 2122 nostram
316 2050 502 2148 testamur)
518 2077 591 2124 non
606 2053 684 2124 sine
704 2055 840 2145 ingenti
862 2055 984 2126 labore
1007 2069 1041 2124 et
1088 2057 1216 2126 deliter
1232 2079 1385 2126 essemus
1399 2053 1597 2148 insequuti,
1627 2055 1658 2124 si
1678 2055 1709 2124 is
1730 2054 1840 2139 liber,
1873 2058 1979 2147 quem
1994 2051 2084 2145 Imp.

67 2153 247 2243 fatigatione
267 2153 489 2244 peregimus,
532 2179 607 2224 non
635 2156 751 2226 solum
773 2158 890 2226 nullas
912 2156 1040 2246 gratias
1089 2157 1256 2230 Maiestas
1271 2157 1413 2238 obtulit,
1437 2154 1530 2254 (non
1545 2181 1565 2227 a
1580 2157 1685 2226 nobis
1701 2154 1892 2252 profectus)
1913 2179 1992 2226 cum
2007 2151 2085 2224 Ec·

68 2255 246 2340 referimus,
288 2257 350 2325 sed
381 2257 488 2325 etiam
519 2257 625 2348 plane
649 2259 874 2328 immerentes
898 2281 1039 2349 gravem
1090 2258 1144 2330 cio
1162 2273 1256 2330 totns
1272 2260 1469 2350 praelectus
1482 2283 1557 2332 nou
1571 2260 1714 2343 fuisset,
1740 2258 1769 2328 si
1784 2258 1879 2328 idem
1896 2279 2085 2329 asummae

68 2355 256 2426 calumniam
289 2357 522 2443 sustinemus,
560 2360 669 2452 idque
693 2358 773 2456 (ab)
803 2361 885 2445 illo,
924 2385 1039 2454 aquo
1089 2357 1316 2433 authoritatis
1337 2361 1424 2430 viris
1447 2360 1595 2456 (quibus
1611 2385 1685 2430 non
1701 2359 1879 2430 immerito
1897 2358 1986 2452 lmp.
2002 2357 2086 2430 Ma-

68 2453 219 2528 talenihil
235 2459 561 2550 suspicatisumns,
594 2477 628 2532 et
650 2485 754 2556 quem
778 2457 846 2532 hoc
863 2463 977 2532 facere
994 2461 1040 2530 ob'
1088 2465 1191 2534 iestas
1205 2463 1313 2532 simul
1326 2487 1407 2532 cum
1430 2463 1585 2554 ampliss.
1600 2463 1792 2534 ‘ordinibus
1812 2463 1852 2532 in
1874 2457 1931 2532 his
1949 2462 2085 2546 saltem,

68 2583 171 2650 grava
191 2575 225 2630 et
247 2563 378 2634 multas
403 2583 545 2648 causas,
579 2565 609 2634 si
632 2565 687 2634 sui
705 2563 944 2652 meminisset,
969 2562 1040 2632 mi·
1090 2588 1179 2659 quae
1194 2565 1288 2637 inter
1304 2588 1370 2634 nos
1390 2565 1653 2658 colloquutores
1675 2577 1850 2635 conventa
1870 2577 1974 2649 sunt,
2002 2565 2085 2656 pln-

67 2661 147 2731 nime
163 2663 311 2737 deceret.
364 2661 398 2734 Is
412 2677 464 2734 est
482 2661 616 2736 Doctor
630 2661 791 2752 Eratos,
817 2665 948 2754 collega
972 2689 1041 2734 nu·
1089 2669 1221 2738 timum
1244 2663 1427 2763 detulerit)
1448 2666 1654 2762 priusquam
1676 2667 1895 2761 colloquium
1911 2667 2084 2736 iniremus

67 2787 116 2853 per
128 2780 258 2851 noster,
293 2765 448 2858 quitum
467 2781 601 2856 gestum
624 2768 859 2861 colloquium,
888 2769 945 2838 cui
966 2769 1040 2860 ipse
1090 2771 1339 2862 comprobatus
1354 2793 1429 2838 non
1444 2769 1583 2852 fuisset,
1608 2767 1763 2862 denique
1779 2769 1810 2838 si
1826 2793 1904 2838 non
1916 2770 1990 2860 ipsc
2005 2764 2084 2838 Ec·-

67 2867 161 2936 multo
187 2881 347 2958 tempore
369 2881 403 2940 et
427 2861 543 2962 quoad
568 2870 659 2940 febri
683 2871 938 2962 corriperetur,
976 2895 1041 2940 ne·
1089 2870 1167 2942 cius
1183 2885 1254 2942 tam
1270 2871 1332 2941 diu
1348 2873 1454 2940 nobis
1469 2871 1508 2940 in
1525 2871 1703 2966 colloquio
1726 2871 1859 2960 collega
1882 2871 2085 2954 adsedisset,

67 2967 137 3037 dum
151 2969 310 3039 interfuit
325 2970 531 3056 nobiscum,
565 2975 624 3042 sed
645 2985 679 3042 et
696 2974 957 3066 quodammodo
974 2996 1039 3064 pro
1089 2988 1124 3046 et
1137 2973 1327 3044 maximam
1345 2971 1444 3042 illam
1460 2971 1544 3044 libri
1560 2988 1712 3066 partem,
1737 2995 1828 3066 quae
1845 2995 1885 3042 eo
1901 2985 2085 3064 praesente

67 3091 116 3138 sna
141 3067 352 3142 authoritate
377 3073 549 3164 praefuit,
590 3075 759 3144 adversus
779 3097 919 3143 omnem
943 3075 1041 3144 iniu-
1089 3099 1229 3147 excussa
1246 3089 1315 3161 est,
1341 3071 1452 3144 iubis
1470 3099 1560 3170 quae
1578 3075 1746 3170 utrinque
1764 3075 1974 3144 concordata
1992 3085 2085 3158 sunt,

69 3183 139 3240 stam
159 3173 371 3243 calumniam
393 3175 487 3244 tucri
512 3190 546 3246 et
569 3177 759 3247 defendere
779 3177 939 3261 deberet,
965 3177 1041 3270 pri·
1088 3193 1129 3250 ut
1142 3203 1226 3248 sana
1242 3192 1276 3248 et
1292 3173 1462 3247 catholica
1479 3203 1555 3247 non
1570 3201 1631 3248 sua
1645 3201 1731 3248 voce
1747 3189 1903 3262 tantum,
1928 3178 1987 3246 sed
2002 3199 2084 3267 par-

66 3277 298 3346 mnsomnium
315 3289 380 3359 est,
412 3277 475 3370 qui
491 3279 658 3350 atrociter
677 3279 819 3370 impetit
841 3291 875 3348 et
896 3280 1042 3348 convel-
1088 3282 1153 3350 tim
1182 3281 1287 3350 etiam
1316 3279 1509 3370 scripturae
1540 3300 1623 3350 suae
1650 3279 1854 3349 testimonio
1882 3279 2083 3370 recepisset:

67 3371 109 3446 lit.
154 3375 317 3446 Vidirmss
339 3379 434 3448 enim
457 3380 626 3471 scriptum
652 3382 744 3466 eins,
777 3381 873 3474 quod
895 3405 969 3449 non
996 3384 1038 3450 ad
1089 3379 1236 3452 haberet
1251 3383 1388 3466 forsan,
1415 3383 1511 3474 quod
1528 3379 1808 3462 illustrissimae,
1830 3377 2085 3450 Illustribuset

66 3477 234 3567 quoslibet,
273 3482 337 3550 sed
367 3480 405 3548 in
437 3481 554 3572 ipsum
581 3483 751 3554 Senatum
779 3483 869 3552 sacri
895 3481 1040 3574 imperii
1088 3483 1289 3576 Magnificis
1304 3479 1409 3556 Dom.
1426 3481 1561 3554 Vestris
1575 3495 1802 3576 praetexeret,
1824 3506 1870 3552 ne
1883 3506 1962 3552 cum
1976 3483 2084 3574 plane

67 3573 267 3671 Principum,
311 3579 556 3653 Praelatornm
587 3597 621 3655 et
644 3581 827 3655 Ordinum
856 3585 1040 3654 transmis-
1088 3571 1298 3656 calumniari
1321 3583 1570 3658 existimarent.
1635 3583 1740 3656 Nunc
1762 3595 1878 3654 autem
1898 3607 1979 3653 curn
2001 3584 2083 3654 illae

68 3700 129 3750 sum
144 3697 207 3768 est,
236 3704 310 3778 qun
333 3685 467 3756 veritus
490 3711 565 3756 non
593 3701 645 3758 est
669 3688 808 3772 testari,
841 3686 910 3756 sibi
926 3709 1040 3780 neque
1088 3686 1219 3772 sciant,
1251 3712 1322 3780 quo
1344 3687 1492 3757 consilio
1516 3710 1582 3756 nos
1606 3682 1778 3772 adhibiti,
1806 3707 1876 3779 qna
1899 3685 2083 3777 diligentia

69 3779 231 3870 placuisse,
271 3809 390 3877 neque
410 3787 565 3878 placere,
599 3813 716 3883 neque
735 3790 947 3880 placitunrm
971 3811 1040 3858 un·
1087 3789 1234 3860 liberet
1258 3813 1321 3882 per
1342 3813 1431 3882 quos
1456 3803 1537 3858 ante
1562 3787 1779 3883 colloquium
1801 3811 1982 3875 excussus,
2013 3811 2082 3882 qua

68 3905 153 3972 wana
174 3887 277 3961 illurn
305 3887 460 3970 librum,
497 3915 602 3984 quem
625 3905 728 3961 vocat
752 3891 944 3976 insulsum,
978 3915 1041 3983 per
1087 3892 1225 3960 ratione
1248 3889 1466 3985 colloquium
1487 3904 1670 3984 coeptum,
1710 3905 1744 3960 et
1770 3887 1947 3960 assidente
1969 3891 2081 3960 multo

69 3977 314 4077 imperatoriam
330 3989 468 4064 Maiest
483 3987 701 4073 exhibitum,
733 3993 771 4062 in
794 4017 888 4088 quo,
916 4005 960 4063 ut
981 3993 1041 4078 ait,
1088 4001 1246 4086 tempore
1261 3989 1375 4064 Eccio
1389 4005 1525 4083 gestum
1538 3993 1659 4066 fuerit:
1690 4017 1765 4062 non
1788 4003 1840 4062 est
1861 4015 1925 4062 cur
1944 4005 2082 4062 metua-

69 4097 112 4156 tot
124 4112 251 4162 errores
268 4103 307 4162 et
322 4093 409 4162 vitia
422 4089 714 4186 deprehenderit,
741 4119 846 4188 quem
863 4107 897 4165 et
913 4095 1038 4166 eodem
1087 4119 1184 4181 rnus,
1215 4119 1295 4164 enm
1320 4095 1421 4165 vobis
1442 4095 1557 4166 ullum
1575 4095 1826 4165 fucumfacere
1842 4117 1951 4186 posse.
2003 4089 2081 4163 lmo

67 4205 118 4256 tto
134 4193 256 4284 scripto
278 4193 391 4264 nullis
412 4197 611 4266 rationibus
630 4197 763 4266 additis
776 4197 936 4266 censoria
955 4211 1039 4266 nota
1088 4211 1223 4268 vestrae
1246 4194 1508 4282 illustrissima,
1539 4195 1698 4268 illustres
1721 4209 1755 4267 et
1775 4191 1985 4286 Magnificae
2005 4192 2082 4264 Do-

66 4287 608 4384 damnatetindignumiudicot,
641 4311 683 4368 ut
702 4293 929 4368 aCatholicis
949 4299 1041 4368 reci-
1087 4299 1317 4384 minationes,
1355 4321 1429 4370 non
1454 4321 1520 4368 nos
1543 4312 1701 4380 tantum,
1734 4319 1877 4382 summ,
1909 4317 2018 4389 quae,
2050 4297 2081 4368 si

65 4389 181 4480 piatur,
204 4421 312 4490 quem
326 4399 454 4483 etiam,
475 4413 584 4471 utast
598 4398 848 4492 Imperatoriae
862 4398 1039 4470 Maiestati
1087 4397 1258 4472 Ecct'ana
1273 4402 1452 4493 persuasio
1474 4401 1650 4486 obtineat,
1682 4401 1720 4470 in
1744 4421 1886 4489 gravem
1909 4398 2081 4489 suspicio-

66 4507 130 4579 post
142 4489 301 4569 habitum
315 4501 536 4594 colloquium
553 4503 731 4587 redditus,
762 4525 798 4570 se
815 4501 943 4572 vidisse
958 4527 1040 4593 per·
1087 4527 1170 4574 nem
1188 4503 1241 4572 sui
1257 4503 1415 4572 nurneris
1437 4499 1507 4573 sibi
1527 4501 1704 4573 commissi
1726 4523 1799 4571 non
1824 4499 1908 4571 satis
1930 4499 2083 4571 fideliter

68 4609 161 4683 negat.
215 4597 367 4691 Allingit
389 4627 530 4696 quoque
554 4605 730 4674 nescimus
756 4629 862 4698 quam
886 4605 1039 4696 scriptu·
1087 4607 1154 4676 acti
1170 4605 1408 4691 adducantur3
1444 4627 1515 4699 quo
1538 4603 2082 4696 scilicettantotemporecolla-

67 4715 144 4782 Μ,
171 4725 259 4794 quae
276 4725 315 4776 se
330 4705 442 4776 bascio
456 4706 563 4776 simul
580 4729 660 4776 curn
676 4707 771 4776 libro
788 4703 1039 4797 imperatoriae
1087 4707 1196 4778 tionis
1220 4709 1265 4776 de
1287 4707 1459 4796 religione
1483 4705 1694 4789 assederint,
1737 4719 1772 4776 et
1795 4717 1912 4775 tamen
1939 4705 1984 4774 de
2014 4699 2082 4790 bis,

66 4789 223 4874 blsieststi
243 4805 351 4879 luerit
367 4807 498 4880 oblata.
548 4803 930 4889 Adhaecaudivimas,
956 4831 1038 4878 eum
1087 4831 1177 4904 quae
1199 4803 1434 4900 deprehendit
1457 4803 1594 4878 Eccius
1616 4821 1687 4877 tam
1708 4807 1893 4890 obfutura,
1933 4821 1965 4876 et
1996 4807 2081 4876 reli·

66 4893 573 4994 insingutosetiamarticulns‚
606 4923 679 4980 tam
703 4909 909 4980 conciliatos
929 4933 1037 5003 quam
1086 4912 1183 5002 gioni
1201 4926 1234 4981 et
1249 4909 1418 5004 imperio,
1452 4909 1724 4980 sacratissimum
1739 4905 1923 4980 Caesarem
1944 4931 2019 4976 non
2041 4907 2079 4975 in

67 5007 358 5090 mammillam,
388 5012 571 5082 mordaces
585 5032 751 5084 censurae
766 5013 1038 5098 consarcinasse,
1086 5027 1244 5106 tempore
1276 5011 1545 5096 admonuerint,
1586 5027 1620 5082 et
1654 5033 1752 5080 suam
1784 5007 2004 5080 Maiestatem
2039 5033 2079 5078 ac

65 5101 175 5190 quibus
188 5104 281 5184 nihil
295 5113 393 5184 aliud
417 5113 464 5184 sit
487 5115 658 5199 annixus,
688 5137 793 5208 quam
813 5127 870 5198 ut,
903 5115 932 5183 si
953 5137 1038 5206 pos·
1086 5137 1207 5188 omnes
1229 5113 1333 5183 simul
1358 5113 1502 5183 ordines
1519 5137 1598 5183 cum
1615 5125 1713 5184 tanta
1729 5133 1872 5182 suarum
1890 5131 2008 5180 rerum
2027 5109 2080 5180 ia-

66 5215 123 5287 set,
141 5223 322 5298 astrueret,
348 5210 441 5284 nihil
460 5216 807 5300 esseintotolibro,
837 5229 880 5288 ut
894 5215 1037 5288 Caesari
1086 5231 1184 5287 ctura
1217 5215 1256 5284 in
1288 5211 1355 5284 hoc
1383 5217 1533 5286 articulo
1564 5227 1637 5285 arm
1668 5214 1731 5284 diu
1762 5225 1955 5282 remoratae
1996 5211 2079 5283 sint.

66 5305 280 5398 redditnsest,
305 5319 401 5409 qnod
420 5341 494 5410 non
511 5317 557 5390 sit
572 5319 630 5388 vel
646 5337 957 5410 supervacaneum,
979 5319 1036 5388 vel
1085 5317 1155 5390 Sed
1181 5319 1290 5409 gratia
1311 5313 1409 5388 Deo!
1463 5315 1722 5398 illustrissima,
1757 5311 1914 5384 Illustres
1938 5325 1972 5383 et
1994 5311 2078 5382 Ma-

65 5425 249 5518 tfroneum,
281 5419 335 5488 vel
360 5417 495 5489 nullius
517 5421 563 5490 ad
584 5423 847 5514 componendas
870 5415 933 5489 has
951 5420 1037 5490 reli-
1084 5421 1230 5509 gnificae
1244 5417 1349 5492 Dom.
1366 5417 1508 5489 Vestrae
1530 5413 1623 5490 hanc
1645 5411 1780 5486 habent
1801 5415 1895 5506 apnd
1912 5411 2078 5506 Imperat.

64 5509 161 5590 honis
174 5513 361 5590 discordias
375 5521 559 5594 momenti.
609 5517 658 5592 Et
673 5535 715 5593 ut
730 5516 814 5592 haec
831 5521 1036 5593 febricitans
1083 5519 1307 5592 Maiestatem
1345 5519 1590 5592 inviolabilem
1623 5519 1747 5599 fidem,
1788 5512 1880 5586 hanc
1914 5516 2079 5586 obtinent
