4744 6264
255 335 332 412 405
826 310 1258 402 narsronaaou
1307 311 1417 390 em
1453 312 1554 392 vm.
1593 287 1743 388 'esec
2228 309 2293 382 m

264 507 359 602 apud
382 513 497 576 totmu
516 495 639 568 orbem
653 513 737 564 suae
750 487 893 562 virtutis
910 502 945 560 et
954 487 1166 578 integritatis
1180 486 1260 558 lau-
1305 485 1494 558 sutoritate
1515 508 1637 560 sumus
1659 487 1791 574 adacti,
1829 483 2020 556 subvenire
2042 481 2173 558 nolint.
2225 481 2296 554 Sei-

265 615 366 693 dem,
396 618 437 676 ut
455 623 560 671 nemo
582 594 738 680 dubitet,
771 591 860 687 quin
882 591 985 662 vobis
1007 589 1127 682 potius
1151 611 1259 682 quam
1305 612 1401 674 mus,
1426 583 1611 662 christiani
1628 582 1785 660 hominis
1801 611 1894 672 esse,
1925 587 2075 658 iniurias
2101 585 2235 656 iniuste
2261 587 2298 654 il-

265 713 333 786 uui
348 701 461 780 Eccio
479 703 520 774 in
541 695 608 772 hac
630 720 670 768 re
693 695 779 766 fides
795 687 1000 764 adhibenda
1015 693 1078 776 sit,
1102 713 1262 784 praeser-
1305 691 1394 762 latas
1412 691 1586 784 patienter
1602 691 1711 762 serre:
1739 693 1801 762 sed
1818 690 1960 760 interim
1976 689 2126 774 seimus,
2145 689 2299 758 erudelis

268 815 332 890 tim
353 808 451 906 quod
472 825 535 876 vos
557 801 602 870 ad
623 795 842 890 colloquium
862 795 958 866 istud
979 817 1053 864 non
1073 793 1190 864 obiter
1203 815 1261 862 ac·
1307 788 1464 862 hominis
1476 815 1548 866 esse
1564 815 1664 865 suam
1680 795 1812 864 lamam
1827 793 2024 882 negligere,
2054 789 2210 860 neuim
2227 813 2300 858 cum

262 911 447 999 cessistis,
471 905 568 1000 quod
584 924 674 998 quoe
689 899 784 968 ultro
802 897 962 989 citroque
977 896 1156 988 disputata
1169 905 1264 977 suut,
1306 889 1392 964 hinc
1405 895 1545 966 veritati
1561 895 1759 986 periculum
1773 907 1809 966 et
1821 893 2081 964 infirmioribus
2096 891 2302 964 scandalum

270 1041 348 1090 non
360 1035 424 1106 per
436 1005 646 1088 transitum,
669 1013 711 1070 ut
726 999 798 1094 dici
813 999 919 1080 solet,
951 999 1013 1068 sed
1027 996 1171 1068 attentis
1185 993 1264 1066 ani-
1307 996 1483 1072 imminet.
1540 993 1660 1084 Quam
1693 997 1740 1066 ob
1771 1019 1847 1066 rem
1875 993 2056 1068 illustriss.
2083 991 2252 1065 illustres
2276 1009 2303 1060 et

269 1120 360 1202 mis,
399 1113 505 1204 idque
529 1131 572 1176 ex
593 1101 823 1196 Imperatorio
846 1101 1013 1170 mandato
1041 1099 1143 1168 vobis
1172 1098 1263 1166 facto
1308 1097 1517 1188 Magnifieas
1530 1095 1577 1170 D.
1595 1095 1640 1172 V.
1660 1119 1724 1188 per
1739 1095 1855 1170 Deum
1877 1111 1952 1190 opt.
1973 1119 2084 1180 man,
2116 1097 2225 1166 cuius
2248 1119 2305 1162 ne·

272 1214 474 1310 excepistis,
500 1223 533 1280 et
548 1203 737 1288 memoria,
771 1227 847 1272 non
860 1201 1011 1272 dubium
1025 1215 1094 1286 est,
1118 1211 1212 1270 recte
1231 1209 1266 1268 et
1309 1200 1443 1290 gotium
1468 1199 1570 1270 vobis
1590 1201 1833 1289 praesentibus
1857 1213 1893 1271 et
1921 1197 2128 1270 iubentibus
2159 1199 2306 1288 egimus,

271 1325 362 1394 bene
384 1312 521 1388 tenetis.
572 1305 697 1378 Gratia
718 1306 802 1376 item
824 1301 920 1388 Deo,
952 1305 1050 1395 quod
1075 1301 1266 1384 lllustriss,
1311 1316 1345 1372 et
1365 1314 1544 1393 peractum
1562 1297 1693 1386 Eccio,
1723 1303 1931 1396 priusquam
1951 1301 2044 1371 liber
2058 1297 2204 1370 Caesari
2230 1303 2306 1368 red·

273 1424 433 1496 Illustres
456 1430 492 1486 et
512 1407 663 1500 Magnis.
685 1403 731 1480 D.
753 1404 900 1476 Vestrae
922 1405 1089 1476 viderunt
1112 1399 1266 1472 Eccium
1311 1405 1474 1488 deretur,
1497 1403 1805 1489 renunciavimus,
1839 1427 1982 1474 oramus
2004 1413 2040 1472 et
2063 1403 2242 1494 petimus,
2276 1417 2307 1470 ut

273 1519 451 1615 colloquio
469 1528 505 1585 et
520 1509 719 1582 excussioni
732 1506 817 1577 libri
829 1530 942 1601 usque
957 1507 1000 1576 ad
1019 1506 1208 1576 articulum
1222 1504 1267 1574 de
1311 1505 1607 1598 prosu00ffi010‚
1641 1530 1713 1598 quo
1737 1504 1916 1596 perfuncti
1936 1516 2040 1588 mm,
2072 1505 2140 1574 ,013
2165 1505 2306 1573 mimi

274 1617 500 1700 Eucharistia
516 1613 702 1684 nobiscum
718 1610 903 1688 interesse,
936 1610 1032 1702 quod
1054 1608 1269 1678 audiverunt
1312 1607 1555 1682 testimonium
1576 1603 1782 1699 perhibere,
1814 1620 1849 1678 et
1866 1605 2031 1698 inprimis
2045 1605 2307 1696 Angustissimo
2364 1667 2365 1680 ,

275 1751 357 1802 eum
378 1719 518 1798 omnia,
549 1737 639 1810 quae
661 1736 702 1782 eo
725 1734 837 1804 usque
860 1710 1046 1780 conciliata
1068 1723 1166 1794 sunt,
1206 1729 1268 1776 sua
1312 1707 1473 1794 Caesari,
1498 1709 1627 1778 deinde
1641 1707 1890 1782 Reverendiss.
1906 1708 2055 1798 Legato,
2085 1703 2225 1778 adhaec
2243 1707 2309 1779 Re-

276 1852 362 1902 voce
386 1822 571 1896 nobiscum
597 1813 802 1906 approbare.
863 1809 986 1882 Gratia
1009 1811 1162 1904 denique
1181 1807 1270 1890 Deo,
1315 1812 1505 1884 verendiss.
1529 1825 1563 1882 et
1584 1809 1765 1884 lllustriss.
1782 1807 2025 1894 Electoribus,
2058 1811 2219 1904 deniqne
2237 1835 2308 1878 cae-

277 1930 374 2028 quod
403 1941 438 1996 et
460 1919 572 2012 ipsius
593 1911 702 1984 Eccii
722 1937 849 1983 manus
871 1915 965 2005 apud
985 1937 1050 1984 nos
1072 1927 1140 1998 est,
1173 1905 1269 2004 (per)
1315 1914 1399 1986 teris
1422 1911 1668 2004 Principibus,
1696 1911 1866 1984 Praelatio
1889 1925 1923 1984 et
1945 1909 2175 1996 proceribus,
2219 1915 2309 2002 apud

278 2055 365 2128 quas
389 2037 554 2098 testatum
574 2019 721 2088 reddere
741 2037 928 2106 possumus
948 2015 1014 2084 toti
1030 2015 1127 2098 orbi,
1153 2013 1270 2104 ipsum
1315 2037 1404 2110 quos
1426 2014 1588 2084 omnium
1612 2014 1816 2103 gravissime
1837 2037 1960 2084 sumus
1981 2013 2151 2097 traducti,
2177 2017 2308 2106 scripto

278 2158 353 2206 raon
370 2130 409 2199 in
425 2121 570 2222 quovis,
602 2119 664 2190 sed
689 2120 729 2186 in
752 2116 900 2188 articulo
924 2117 1087 2188 omnium
1106 2115 1272 2198 maximo,
1316 2130 1432 2188 vestro
1449 2116 1645 2206 significare
1661 2116 1796 2200 velitis,
1821 2139 1893 2210 quo
1909 2115 2059 2186 consilio
2074 2109 2161 2186 huie
2178 2117 2310 2188 mim„

279 2235 342 2332 qui
363 2219 621 2302 iustificationis
641 2233 710 2300 est,
743 2241 820 2288 eam
842 2218 1072 2304 sententiam,
1097 2241 1204 2311 quam
1226 2215 1273 2284 li·
1315 2243 1379 2311 per
1392 2215 1578 2290 Caesarem
1593 2213 1745 2288 adhibiti
1764 2219 1953 2304 fuerimus,
1985 2241 2056 2311 qua
2077 2217 2146 2288 lide
2169 2231 2208 2290 et
2232 2219 2310 2288 dili·

278 2341 343 2412 ber
357 2323 500 2406 Caesari
515 2325 655 2396 oblatus
675 2319 937 2412 complectitur,
968 2319 1123 2390 libenter
1142 2341 1272 2410 appro-
1317 2320 1434 2412 gentia
1450 2319 1489 2390 in
1504 2321 1669 2390 mandato
1685 2306 1827 2410 negotio
1844 2320 1972 2390 versati
1989 2320 2120 2403 simus,
2142 2319 2311 2401 breuiter,

278 2443 400 2520 bam,
431 2455 476 2502 ¹¹⁰
496 2428 671 2510 dicatum,
697 2424 794 2516 quod
810 2421 884 2514 ipse
903 2422 1000 2490 solus
1016 2423 1152 2512 primus
1170 2433 1273 2490 autor
1317 2438 1374 2507 ut,
1405 2422 1494 2516 quid
1516 2445 1580 2490 vos
1599 2423 1644 2490 de
1659 2435 1733 2492 tota
1748 2435 1870 2492 nostra
1887 2419 2024 2492 actione
2043 2421 2223 2508 sentiatis,
2252 2449 2311 2516 pn-

278 2540 405 2622 luerit,
432 2555 503 2626 quo
518 2527 687 2604 articulo,
719 2523 782 2618 qui
799 2525 842 2593 de
858 2525 979 2592 eadem
995 2524 1086 2592 rein
1103 2523 1195 2592 libro
1210 2543 1274 2614 per
1318 2525 1409 2596 bliee
1424 2523 1546 2594 testari
1558 2523 1774 2612 dignemini,
1796 2547 1868 2618 quo
1881 2517 1951 2594 hoc
1964 2537 2080 2594 vestro
2094 2524 2312 2606 testimonio,
2368 2585 2369 2594 ,

279 2639 465 2716 Caesarem
489 2626 774 2702 collocutoribus
803 2619 961 2696 exhibito
988 2623 1164 2716 copiosior
1189 2635 1275 2706 erat,
1318 2625 1418 2698 omni
1440 2647 1584 2716 prorsus
1606 2626 1810 2716 exceptione
1830 2625 1982 2711 maiore,
2014 2626 2227 2718 opinionem
2250 2653 2310 2698 no-
2369 2641 2370 2696 t

281 2751 469 2836 expuncto,
494 2731 646 2804 macrior
659 2729 736 2812 iste,
761 2739 797 2798 et
811 2726 873 2822 qui
886 2725 1013 2798 maiori
1028 2725 1274 2818 explicatione,
1318 2743 1427 2800 stram
1448 2728 1578 2796 laesam
1598 2729 1692 2819 apud
1716 2749 1840 2798 omn„
1859 2725 1898 2798 jn
1918 2727 2096 2818 integrum
2115 2729 2312 2812 wimer,
2369 2762 2370 2804 ,

281 2843 377 2942 quod
401 2841 496 2910 inter
518 2829 795 2924 colloquendum
815 2829 936 2900 testati
958 2850 1098 2912 sumus,
1128 2827 1286 2918 indiges,
1320 2843 1355 2902 et
1379 2829 1617 2914 calumniam,
1657 2853 1727 2922 qua
1750 2825 1977 2900 immerentes
2000 2829 2152 2921 impefipp
2181 2853 2311 2903 fflmus,
2369 2827 2370 2834 ,

280 2949 326 3020 ⁸5²
349 2941 571 3016 mallum&
635 2929 769 3018 P⁰ff⁰²
805 2953 876 3024 ‘³¹¹²
898 2929 1031 3024 ‘Pedes
1071 2953 1142 3024 <1¹¹0
1164 2941 1276 3020 80⁵l¹¹2
1320 2931 1512 3024 depellere,
1538 2955 1579 3002 ac
1591 2945 1759 3022 perpetua
1773 2945 1808 3002 et
1822 2930 2057 3021 irrefragabili
2070 2931 2311 3004 testificatione

279 3049 409 3146 quibus
438 3037 620 3112 affectibus
649 3031 869 3126 colloquium
898 3032 994 3102 istud
1017 3045 1198 3124 peractum
1220 3029 1277 3114 sit,
1320 3035 1426 3104 fidem
1451 3047 1486 3104 et
1508 3033 1748 3102 innocentiam
1773 3045 1930 3102 nostram
1955 3034 2022 3104 toti
2044 3034 2124 3104 orbi
2147 3057 2310 3128 compro.
2370 3081 2371 3084 ,

283 3167 316 3223 et
338 3169 427 3218 num
449 3141 613 3212 ludentes
634 3157 680 3204 an
704 3131 796 3204 serio
813 3131 1089 3218 contulerimus,
1114 3156 1202 3202 num
1218 3131 1278 3200 in·
1322 3138 1406 3207 bare
1421 3135 1608 3226 possimus.
1642 3133 1807 3210 Fecerint
1820 3158 1862 3204 eo
1874 3133 2126 3218 illustrissima,
2154 3133 2310 3208 illustres

282 3254 396 3322 vicem
412 3245 566 3315 libenter
581 3235 806 3322 cesserimus,
839 3259 950 3330 quum
966 3235 1011 3306 ad
1029 3235 1194 3304 morbum
1216 3257 1278 3306 us-
1322 3252 1357 3308 et
1369 3236 1579 3326 Magnificae
1599 3233 1645 3309 D.
1661 3234 1702 3309 V.
1729 3259 1805 3306 rem
1828 3257 1864 3306 se
1881 3236 1995 3326 'longe
2015 3239 2261 3327 dignissimam
2282 3257 2309 3306 et

282 3379 352 3450 que
364 3375 383 3422 a
395 3345 608 3444 quibusdam
618 3338 724 3409 nobis
735 3337 936 3408 laboratum
949 3335 1006 3424 sit,
1024 3350 1058 3406 et
1070 3360 1133 3406 vos
1145 3335 1278 3428 optime
1322 3340 1426 3410 nobis
1442 3339 1546 3432 plane
1564 3337 1814 3422 necessariam,
1843 3353 2013 3432 perpetua
2036 3341 2264 3412 observanti,
2283 3361 2310 3412 ρ(

282 3453 396 3536 scitis,
426 3463 462 3520 et
485 3445 574 3516 actio
598 3443 674 3534 ipsa
691 3439 775 3510 satis
790 3437 955 3516 declarat.
1007 3431 1126 3534 Atque
1140 3437 1277 3510 utinam
1323 3441 1495 3534 obsequio
1511 3463 1591 3530 erga
1610 3463 1667 3510 eas
1683 3441 1913 3532 pensandam.

283 3583 304 3632 ὃ
327 3547 550 3650 Plistsslplbus
571 3559 605 3616 ‘i
625 3541 830 3634 pmceribus
852 3539 941 3628 5¹5⁸,
980 3541 1074 3631 ‘'⁴P11d
1097 3563 1186 3634 qt1⁰⁵
1203 3535 1278 3608 Ec·
1385 3541 1663 3628 illustrissimae,
1683 3539 1879 3613 illustrium
1892 3555 1927 3612 et
1937 3537 2213 3631 Magnificam
2222 3541 2309 3616 ω’,

285 3657 395 3731 ciana
405 3648 585 3746 persuasio
594 3643 702 3714 nimis
710 3643 779 3712 cito
789 3639 857 3738 (et)
868 3665 1101 3735 praepropere
1112 3641 1279 3722 obtinuit,
1677 3643 1982 3714 01),e„,n,;„;mi
1996 3658 2031 3713 e,
2046 3645 2260 3716 dedifiuimi

287 3777 322 3834 et
336 3769 459 3828 nostro
476 3753 597 3822 labore
612 3747 651 3816 in
665 3747 824 3838 ipsorum
839 3744 988 3834 gratiam
1002 3743 1183 3834 insumpto
1199 3757 1280 3814 tan·
1370 3809 1375 3820 ,
1837 3741 1967 3816 Iulius
1981 3737 2104 3844 Pstug.

286 3879 363 3936 tum
378 3853 497 3928 meriti
513 3871 675 3932 essemus,
696 3860 738 3917 ut
753 3868 818 3916 nos
836 3844 935 3937 prius
950 3845 994 3914 de
1009 3843 1206 3914 conciliatis
1222 3866 1281 3912 ar·
1835 3843 1865 3918 I
1863 3871 2001 3924 oannes
2017 3841 2199 3948 Gropper.

287 3961 406 4038 titulis
420 3955 617 4036 audissent,
641 3946 848 4040 praesertim
863 3947 959 4040 quod
974 3945 1018 4016 de
1031 3939 1089 4013 his
1105 3945 1280 4014 rationem

286 4066 435 4140 reddere
460 4076 597 4146 semper
618 4049 751 4120 suimus
774 4047 907 4140 parati,
941 4069 1051 4142 quum
1078 4068 1137 4116 eos
1160 4057 1195 4116 et
1218 4047 1281 4162 da·
1327 4079 1392 4154 No·
1408 4079 1521 4150 2293·
2100 4089 2185 4166 (eod
2202 4095 2298 4172 tenu·

287 4173 488 4246 mnassent,
513 4168 548 4227 et
562 4175 624 4246 per
640 4147 825 4222 Caesarem
839 4149 1062 4220 damnandos
1084 4159 1120 4216 et
1140 4169 1282 4240 supprr-
1333 4175 1503 4208 m
2101 4181 2306 4220 sem

288 4267 437 4340 mendas
451 4285 515 4332 suo
529 4255 679 4346 scripto,
711 4249 809 4344 quod
825 4245 1008 4320 Caesariae
1025 4247 1205 4320 Maiestati
1228 4249 1283 4318 oi·
1580 4243 1786 4334 Caesaris
1815 4245 2072 4334 declaratio,

231 4407 240 4422 =
290 4373 382 4444 ferre
405 4367 652 4436 decrevemnt‚
684 4352 907 4423 iudicassent.
957 4349 1026 4422 Sed
1044 4373 1119 4420 non
1141 4363 1283 4442 gravate
1395 4363 1647 4446 mmmm„
1668 4407 1755 4460 gem.
1775 4387 1875 4444 soced
1895 4389 2310 4468 ,‚235,s„,1„„„„„„„,

290 4469 384 4544 hanc
401 4462 598 4536 mercedem
615 4455 749 4528 laboris
766 4466 799 4522 et
814 4451 921 4522 officii
938 4450 1070 4538 nostri,
1096 4476 1200 4543 quam
1218 4445 1285 4520 ha-
1431 4457 1458 4512 tn
1474 4475 1492 4510 ο
1512 4475 1543 4510 u·
1558 4455 1710 4539 ttoesteteej
1725 4457 1774 4514 tt.
1789 4459 2135 4544 p.ssq.estnepp.1nste
2150 4465 2311 4522 tasum„

1433 4525 1490 4598 Ρι9
1512 4527 1555 4596 1.).
1570 4557 1607 4573 -
1641 4525 1751 4597 Legum
1762 4537 1844 4582 ettam
1860 4548 1888 4582 m
1901 4527 2033 4602 Spalstmi
2049 4532 2142 4590 annal.
2159 4553 2187 4607 p.
2201 4537 2260 4592 ωε,

2033 4007 2305 4022 m

292 4576 417 4646 bemus
443 4589 523 4636 cum
545 4559 713 4632 omnibus
735 4553 859 4640 bonis,
892 4553 956 4646 qui
977 4549 1208 4644 Reipublicae
1231 4551 1285 4622 la-

292 4669 394 4748 banti
413 4667 503 4738 bene
527 4675 563 4781 et
580 4685 622 4730 ex
642 4658 762 4728 animo
785 4653 989 4726 consultum
1012 4655 1157 4772 volunt,
1188 4677 1286 4724 com-
1330 4667 1400 4742 mee
1413 4667 1547 4762 spitui,
1562 4665 1690 4760 milii
1702 4667 1854 4764 Bregma,
1877 4672 1936 4744 beu
1952 4670 2200 4770 &demirbigm
2222 4679 2312 4774 bod:

294 4793 439 4846 munem
460 4765 664 4884 reienmus,
696 4755 814 4876 aDep
831 4751 920 4874 Dpt.
935 4751 1033 4830 Max.
1055 4757 1161 4826 aleam
1181 4777 1286 4844 expe-
1329 4771 1484 4864 pappum
1509 4769 1620 4866 pm„
1642 4769 1769 4851 312150
1797 4769 1949 4866 mag,
1989 4781 2053 4846 unp
2083 4775 2130 4854 1),
2151 4781 2312 4867 ΜΝ,

294 4871 439 4956 ctaturi,
474 4893 505 4938 se
527 4879 644 4934 tamen
665 4857 926 4942 lllustusssma,
966 4853 1125 4926 lllustres
1150 4869 1184 4928 et
1204 4853 1286 4926 Ma-
1331 4873 1521 4964 &topper
1545 4889 1604 4946 bot
1618 4875 1701 4946 ouen
1717 4872 1963 4964 dieidpdildnbtn
1976 4877 2129 4969 gegeben,
2156 4883 2246 4976 liepu
2262 4903 2304 4954 cr:

295 4977 441 5070 gnificae
453 4967 498 5044 D.
516 4963 560 5040 V.
573 4965 708 5082 lamam·
717 4973 751 5029 et
764 4959 969 5077 ppinionem
984 4971 1142 5030 nostram
1158 4959 1203 5030 ab
1215 4955 1287 5028 ini·
1330 4973 1502 5069 spumigeri
1523 4974 1579 5048 brt
1600 4972 1730 5066 {stirpen
1750 4974 1922 5066 ffieiirsstnd
1942 4977 2036 5068 boen
2055 4998 2121 5054 nott
2143 4981 2190 5060 D.
2206 4989 2315 5061 (ides

296 5103 365 5176 qua
392 5077 459 5146 ista
482 5069 659 5140 calumme
674 5061 853 5132 vendecare
870 5083 944 5128 non
961 5059 1166 5134 detrectent.
1214 5053 1287 5128 De-
1716 5077 1936 5168 „masam

295 5193 445 5254 erectore
475 5193 560 5242 vero
593 5188 667 5236 ¹¹⁰⁰
692 5173 856 5254 P⁰³⁸⁰¹¹²2
894 5159 965 5230 ‘¹³³²
996 5159 1146 5252 ⁸⁰⁸⁰‘Pll
1179 5159 1288 5230 ⁰ffi⁰ll
1332 5171 1410 5272 Die
1439 5189 1543 5266 utu.
1571 5191 1704 5280 &silut
1735 5192 1907 5284 unicust.
1948 5197 2050 5288 ualet·
2071 5201 2317 5296 strepebat:

295 5277 490 5398 (praesides
511 5269 665 5385 enimet
696 5275 798 5334 testes
831 5260 939 5332 totius
969 5261 1118 5380 aetionis
1150 5273 1288 5332 nostrae
1331 5291 1437 5390 W,
1462 5293 1520 5384 b„
1532 5303 1596 5368 w,
1612 5295 1728 5368 “unffi
1743 5293 1996 5396 Quamnam.)
2046 5301 2079 5392 [⁰
2100 5303 2170 5398 tm
2185 5311 2303 5378 mm

297 5390 481 5458 constitute
499 5369 597 5466 sunt)
614 5385 838 5438 immemores
855 5384 928 5432 esse
946 5361 1074 5448 velant,
1097 5375 1132 5432 et
1147 5373 1288 5434 nostrae
2003 5349 2015 5388 e

297 5479 474 5584 praesenti
487 5467 702 5554 necessitati,
734 5465 780 5536 ad
795 5487 902 5560 quam
914 5459 1074 5536 Caesaris
1089 5477 1124 5536 et
1144 5461 1288 5534 illarum
1367 5485 1395 5554 ι)
1413 5483 1487 5558 spu.
1504 5483 1701 5558 Quum·
1737 5509 1741 5516 .
