4802 6268
254 285 365 442 ’trs
845 343 1288 438 ‚umeros-taust
1338 345 1448 428 sm
1477 345 1580 425 vm,
1630 345 1767 432 aser
2255 347 2321 426 uo
2388 394 2389 460 ,

290 532 450 618 veniam,
482 540 672 619 autequam
686 520 924 614 ascepdemus
948 518 989 592 iu
1011 520 1158 608 curiam.
1214 515 1289 592 Ne-
1339 513 1482 618 oigpdr,
1504 515 1692 617 quiviudt
1706 507 1998 605 Italos'ortidciis.
2018 497 2022 513 ’
2045 515 2127 594 Etsi
2149 519 2323 612 ingenium

290 640 381 722 scio,
407 658 452 704 an
469 631 543 722 ipse
559 649 702 722 quoque
720 623 758 692 in
775 621 910 692 curiam
924 643 1132 694 ascensurus
1145 622 1205 708 sit,
1226 634 1290 692 aut
1339 624 1417 696 eius
1441 637 1583 710 metuo,
1613 636 1736 698 tamen
1755 623 1911 696 arbitror
1931 624 2203 701 elusurnmssse
2217 619 2322 716 Hyas-
2388 645 2389 668 ι

290 739 435 834 quando
452 732 536 802 velit
552 751 610 798 me
625 729 670 796 ad
685 749 721 800 se
737 723 870 812 venire.
920 721 1044 812 Rogo,
1063 738 1105 797 ut
1121 725 1291 817 explores.
1339 747 1436 804 nam.
1487 724 1560 798 Sed
1574 747 1649 796 nos
1667 727 1712 796 ab
1732 725 1878 799 illorum
1894 725 2053 800 consiliis
2069 747 2147 796 non
2162 723 2323 816 pendebi·
2388 725 2389 778 ἶ

291 841 391 914 Rene
407 835 496 910 vale.
546 828 765 903 Ratisbouae
782 820 892 898 Anno
907 820 970 902 42,
980 819 1019 922 *)

293 989 1283 1026 „mm—*m

1037 1056 1064 1082 Ἀ
1157 1085 1288 1160 11.Iul.

1153 1182 1290 1214 Μ

652 1254 717 1342 Io.
744 1251 940 1339 Brents'o.
1278 1258 1282 1285 .

360 1426 447 1501 Epist.
467 1420 514 1476 lib.
529 1415 577 1472 VI.
604 1433 632 1540 p.
652 1415 704 1473 893
720 1433 761 1488 sq.
786 1445 822 1463 -
861 1411 918 1470 lsrc‘
935 1429 965 1467 es
984 1409 1155 1484 autographo
1175 1408 1204 1468 iu
1225 1407 1289 1466 cod.

396 1495 508 1548 Monac.
524 1488 547 1543 1.
565 1503 593 1560 p.
625 1484 670 1540 66.

293 1101 362 1198 ιι...
378 1095 498 1184 ecoe.

300 1191 469 1228 Μ’

294 1633 392 1720 Viro
407 1629 562 1731 optimo,
585 1622 642 1698 D.
664 1619 882 1698 Iohanni
904 1617 1123 1708 Breats'b,
1148 1613 1292 1690 docenti

292 1731 477 1831 Evangel.
508 1730 549 1804 s'rs
576 1724 748 1800 Ecclesia
778 1723 1004 1800 Salinarum
1034 1720 1288 1806 Samicorum,

402 1839 522 1929 πιστῷ
539 1823 665 1926 δούλῳ
682 1830 795 1915 θεοῦ,
830 1825 951 1900 amico
965 1849 1034 1898 suo
1050 1821 1179 1900 caries.

291 1913 337 2032 Si
362 1957 408 2033 D.
458 1948 550 2026 Non
584 1946 793 2046 relinquam
828 1971 891 2018 vos
923 1939 1130 2042 orphanos,
1171 1942 1290 2037 inquit

291 2059 456 2136 Christus
468 2056 564 2126 filius
578 2051 658 2137 Dei,
681 2065 803 2122 noster
817 2043 1009 2146 ἀρχιερεὺς
1023 2060 1058 2116 et
1069 2045 1189 2136 magni
1202 2068 1289 2116 con-

292 2164 365 2235 silii
382 2159 539 2252 angelus.
591 2153 627 2224 ls
644 2174 709 2232 nos
725 2176 766 2221 er
783 2144 849 2220 bae
864 2145 1063 2241 sophistica
1081 2161 1289 2234 conventus,

293 2263 444 2337 consilio
460 2255 667 2330 admirabili
677 2252 855 2326 liberabit.
889 2249 1002 2344 quue
1017 2262 1057 2322 ut
1070 2248 1187 2333 faciat,
1208 2271 1289 2318 ore-
1339 2236 1409 2315 No.
1424 2237 1706 2314 ἰδοῦ-2802.

292 2389 383 2439 mus.
434 2360 566 2435 Coram
586 2377 762 2448 exponere
778 2365 854 2424 acta
869 2365 906 2424 et
919 2351 1092 2422 iudicium
1106 2372 1226 2420 mcum
1244 2350 1288 2418 de

1341 847 1434 902 mus.
1492 825 1613 898 Miror
1645 851 1727 900 arm
1758 849 1859 898 meus
1883 813 2123 924 παραστάτης
2153 826 2322 896 fueritin

1342 929 1517 1020 dogmatis
1531 929 1583 1000 sic
1600 928 1685 1002 satis
1699 927 1909 1020 indulgens,
1940 951 2004 1002 cur
2025 952 2122 1000 nune
2144 925 2324 1008 debeda-

1342 1029 1490 1104 siasticis
1503 1031 1731 1114 facultatibus
1747 1029 1825 1102 istis
1840 1043 1913 1102 tam
1936 1031 2048 1102 duros
2067 1027 2132 1115 sit,
2167 1029 2267 1122 quusi
2284 1029 2324 1098 li·

1342 1131 1486 1206 bentius
1510 1135 1639 1206 cedant
1661 1129 1831 1225 Episcopi
1860 1131 1998 1216 reditus
2025 1153 2134 1224 quam
2162 1133 2325 1221 dogmata·

1342 1230 1436 1304 Falli
1449 1257 1531 1306 eum
1548 1235 1664 1310 video.
1714 1231 1833 1306 Hodie
1846 1235 1941 1328 quod
1956 1231 2052 1304 Deus
2067 1233 2253 1322 gubernet,
2271 1233 2327 1312 de,-

1341 1335 1515 1408 liberatur
1528 1337 1574 1408 de
1589 1335 1819 1428 responsione
1838 1337 1955 1404 danda
1973 1333 2196 1428 Imperatori.
2237 1331 2327 1404 liene

1342 1437 1439 1524 vale,
1470 1437 1530 1508 die
1553 1435 1638 1510 Iulii
1652 1433 1754 1531 XI.¹)
1780 1429 2030 1516 dHoiuriroc
2050 1430 2327 1526 veiiterpe

1342 1533 1507 1636 στηρίων
1519 1535 1674 1612 δείπνου
1683 1541 1877 1632 Κυριακοῦ
1889 1535 2052 1631 εὐσεβῶς
2063 1532 2246 1617 κοινωνὸς
2258 1532 2327 1634 c'ye'·

1340 1663 1438 1714 s‘eco.
1494 1639 1659 1712 Salutaut
1683 1653 1719 1710 te
1743 1631 2000 1736 Solenspsfios,
2033 1631 2329 1724 lassabimur,
2389 1713 2390 1720 χ

1341 1735 1559 1812 Alexander
1580 1736 1748 1824 Alesios,
1779 1753 1978 1832 praesentes
2005 1741 2092 1810 dum
2123 1740 2213 1812 istae
2241 1739 2328 1812 obsi·

1341 1857 1497 1936 guantur
1504 1839 1547 1939 ²).
1582 1833 1760 1937 Cruos'ger
1773 1843 1879 1912 rediit
1893 1837 2111 1923 †domum''.

1787 1938 2017 2036 †Pbilippus
2032 1937 2287 2016 Melanthum·

2204 2247 2262 2309 12·
2278 2235 2328 2302 lnl.

1342 2343 1692 2378 Μ
2202 2335 2330 2364 Μ

293 2471 338 2538 iis
353 2489 443 2559 quae
457 2460 619 2532 instituta
636 2470 720 2528 suut
734 2454 896 2539 mallem,
927 2475 1034 2546 quam
1049 2452 1218 2534 mandare
1240 2450 1289 2520 ιι.
1340 2415 1643 2506 Protectontes
1666 2419 1730 2506 ud
1756 2417 1987 2508 Caesarem
2018 2417 2074 2506 de
2104 2419 2220 2504 libro
2243 2419 2329 2502 Ro-

293 2569 390 2642 teris.
440 2562 549 2644 Nam,
574 2572 615 2630 ut
629 2555 803 2645 Virgilius
817 2555 882 2640 ait,
908 2545 1047 2646 Longa
1065 2559 1117 2622 esi
1133 2547 1289 2632 iniuria,

295 2667 431 2763 longae
456 2659 644 2753 ambages.
698 2655 787 2748 Legi
812 2669 910 2728 tuam
936 2653 1166 2738 sententiam,
1199 2676 1289 2747 quae

295 2786 348 2842 est
363 2766 482 2838 verbis
497 2763 636 2846 durior,
660 2781 768 2851 quam
783 2781 879 2843 mea,
904 2757 1010 2828 rebus
1026 2754 1202 2844 congruit.
1241 2750 1291 2824 Et

296 2895 360 2962 ego
385 2867 456 2940 nisi
475 2864 570 2938 tueri
596 2881 807 2934 consensum
834 2857 1118 2952 qualemcunque
1148 2869 1291 2928 nostro-

294 2999 376 3046 rum
400 2989 583 3061 cupesem,
622 2962 736 3034 multo
765 2960 872 3032 etiam
900 2960 1153 3050 responderem
1181 2952 1290 3028 vehe-

295 3073 461 3146 mentius.
503 3064 643 3138 Dixtin
659 3061 820 3147 consilio,
844 3083 912 3146 me,
933 3073 1121 3154 postquam
1135 3058 1291 3150 deipso.

296 3199 378 3248 rum
392 3174 531 3244 decreto
547 3165 738 3238 formulam
752 3161 953 3253 composui,
977 3185 1067 3254 quae
1079 3155 1188 3230 bodie
1200 3159 1292 3230 lecta

296 3293 366 3361 ost,
393 3268 635 3364 responsionis
659 3266 705 3336 ad
729 3261 915 3334 Caesarem
937 3263 981 3332 de
1003 3261 1143 3352 Libro,
1171 3261 1203 3330 si
1223 3261 1291 3351 ipsi

296 3401 373 3452 non
401 3370 645 3454 consentient,
683 3364 901 3462 apripennum
934 3385 1008 3434 esse
1038 3387 1120 3434 meo
1145 3363 1291 3433 nomine

297 3479 450 3573 graviter
463 3467 582 3558 †seoi''
596 3470 790 3546 moisrexn'ic
803 3467 849 3536 ad
864 3462 1127 3558 Imperatorem,
1145 3477 1180 3536 et
1194 3487 1292 3534 com-

297 3591 596 3660 memoraturum,
619 3581 794 3666 quantum
806 3565 894 3639 mali
909 3567 1071 3638 futurum
1084 3565 1152 3650 sit,
1184 3564 1216 3636 si
1230 3589 1292 3639 re-

297 3679 468 3772 litrecipi
481 3675 685 3770 Hyaenom,
716 3693 756 3740 ac
777 3667 854 3738 fieri
876 3668 1016 3740 tertiam
1039 3667 1078 3736 in
1100 3663 1293 3738 Germania

192 3787 197 3794 ”
298 3797 447 3878 partem.
497 3777 571 3850 Sed
589 3795 692 3866 spero
707 3768 824 3844 Deum
839 3769 969 3840 nostris
984 3769 1191 3840 adfuturum
1206 3789 1292 3840 esse.

300 3886 418 3957 Tanta
441 3891 494 3952 est
515 3876 659 3950 alterius
682 3871 793 3965 partis
812 3871 1083 3961 importunitas,
1113 3882 1156 3940 ut
1178 3867 1292 3938 nostri

161 4070 164 4079 ,
298 3985 563 4060 Reformatorcs
596 3972 621 4069 ἢ
646 3967 833 4070 ἁρμοσταὶ
858 3995 970 4064 paene
994 3971 1188 4042 abiecerint
1212 3993 1292 4041 suas

299 4111 377 4179 spes
394 4087 439 4156 de
454 4080 556 4152 novis
572 4075 801 4166 suffraganeis
816 4071 987 4144 creandis.
1022 4069 1106 4144 Dux
1121 4067 1293 4143 Bavariae

307 4179 545 4264 Wilhelmus
568 4177 684 4250 voluit
713 4177 758 4246 de
786 4175 916 4266 scripto
948 4173 1089 4246 recitari
1115 4171 1293 4244 atrocissi-

299 4313 396 4361 mam
413 4289 457 4357 de
473 4285 566 4353 libro
583 4270 803 4351 sententiam.
854 4271 991 4346 Eccius
1013 4275 1112 4346 misit
1131 4274 1171 4344 in
1190 4296 1293 4344 seua-

300 4405 378 4463 tnm
398 4385 607 4478 Principum
630 4402 776 4474 parvam
798 4373 1053 4472 syngrapham,
1084 4376 1125 4447 in
1147 4399 1217 4470 qua
1239 4389 1294 4444 te-

302 4493 417 4564 statur
442 4511 506 4557 nee
536 4481 704 4577 probasse
731 4503 767 4550 se
789 4503 947 4572 unquam
971 4502 1037 4548 nec
1058 4478 1301 4570 probaturum

301 4590 399 4664 bunc
413 4591 566 4670 librum,
593 4597 627 4654 et
640 4578 728 4652 haec
741 4583 848 4650 verba
862 4579 1008 4665 adiecit,
1030 4578 1121 4676 qula
1134 4573 1294 4650 Melan-

304 4685 539 4772 clsilsonizat,
571 4707 641 4780 qua
663 4684 702 4752 in
723 4705 762 4752 re
776 4683 933 4773 prolecto
949 4674 1154 4777 Groperom
1168 4703 1295 4770 magna

302 4794 437 4869 iniuria
448 4788 579 4860 adficit.
611 4784 736 4856 Postea
745 4775 977 4855 Coatareaus
991 4779 1296 4875 convocavitEpi-

304 4918 439 4988 scopos.
487 4885 553 4960 Est
568 4883 747 4968 hortator,
774 4899 814 4956 ut
831 4885 967 4956 librum
987 4883 1199 4976 adprobent3
1234 4885 1296 4954 sed

302 5011 390 5092 puto
406 4991 493 5066 haec
508 4988 669 5060 simulari
688 5011 708 5057 a
724 4973 954 5073 Coniareao,
988 5009 1034 5056 ne
1057 4985 1215 5056 offendat
1229 4979 1297 5058 τὸν

305 5087 575 5192 adioxpoicopu.
635 5085 738 5160 Unus
761 5101 829 5172 est,
867 5099 908 5158 ut
929 5087 1024 5178 apud
1047 5083 1297 5183 Thucydidem

304 5193 487 5290 Antipho,
518 5193 575 5264 tui
598 5213 738 5260 summa
756 5191 835 5259 laus
858 5189 1004 5261 astutiae
1027 5187 1216 5275 tribuitur,
1249 5189 1298 5258 ita

305 5303 347 5374 ἐν
367 5305 413 5392 τῇ
434 5295 554 5393 βουλῇ
569 5297 647 5366 τῶν
662 5284 859 5386 ἀρχόντων
873 5294 953 5364 πᾶν
969 5283 1062 5366 s‘acd
1077 5285 1221 5388 μακρὸς
1235 5284 1299 5364 καὶ

342 5509 371 5580 *ι
390 5509 465 5568 ortt.

1757 2537 1918 2621 tisbon.

1411 2693 1472 2750 lloc
1489 2712 1651 2766 responsum
1664 2693 1909 2750 aProtestantibus
1922 2691 2083 2768 imperatori
2100 2686 2127 2748 iri
2141 2691 2272 2750 comitiis
2282 2691 2331 2746 Rs·

1446 2763 1648 2820 tisbonensibus
1661 2763 1791 2817 traditum
1803 2765 1869 2818 durs
1883 2765 1963 2818 babet
1976 2775 2081 2834 partes,
2098 2763 2223 2834 primum
2239 2763 2331 2834 episto·
2390 2791 2391 2812 2

1446 2830 1500 2886 Isos
1515 2831 1547 2884 sd
1562 2829 1722 2900 Caesarem,
1738 2832 1838 2888 deinde
1851 2832 1980 2888 iudicium
1994 2833 2028 2900 de
2042 2833 2075 2888 iis
2087 2831 2211 2886 articulis
2225 2831 2256 2886 in
2270 2833 2331 2886 libro
2390 2849 2391 2864 ι

1445 2897 1593 2955 sCaesarc
1612 2899 1753 2970 proposito
1802 2901 1835 2956 de
1862 2899 1961 2972 quibus
1986 2899 2128 2956 conveniri
2153 2909 2202 2954 sut
2224 2899 2332 2984 potuerit
2390 2909 2391 2912 ’

1445 2977 1493 3022 sut
1506 2985 1562 3021 non
1576 2967 1704 3038 potuerit.
1763 2985 1840 3023 orma
1859 2971 1981 3041 responsi
2021 2961 2143 3038 reposito
2162 2979 2205 3022 est
2224 2989 2251 3024 ιιι
2270 2987 2330 3022 eon·

1446 3053 1541 3109 gressu
1556 3035 1782 3116 Euangelirorom
1798 3038 1826 3094 d.
1842 3040 1882 3094 10.
1896 3037 1938 3092 rel
1952 2989 2088 3108 tristis,
2110 3037 2276 3109 imperatori
2287 3055 2331 3092 rs·

1446 3115 1502 3160 tem
1522 3103 1620 3159 tradita
1637 3105 1664 3160 d.
1686 3105 1726 3160 12.
1746 3103 1817 3161 Iulii.
1857 3103 1963 3178 Scripta
1988 3125 2055 3162 vero
2078 3116 2105 3160 et
2130 3105 2232 3159 tradita
2252 3115 2292 3158 est
2309 3103 2332 3158 io

1424 3175 1426 3182 '
1448 3173 1682 3254 utraque-lingua,
1698 3175 1842 3229 vernacule
1852 3185 1882 3258 pt
1897 3175 1996 3242 latins,
2017 3183 2044 3229 et
2055 3173 2223 3256 Melanthum
2238 3173 2332 3227 utrius·

1447 3241 2333 3392 sussum?;;s:.⁰t.tt;.mt¹:stsmrtte

1446 3387 1472 3434 et
1485 3377 1626 3449 Cructgerr
1645 3387 1720 3447 epist.
1742 3379 1768 3433 d.
1786 3379 1828 3434 20.
1844 3379 1893 3435 lul.
1928 3379 1967 3432 Its
1985 3389 2076 3434 sutem
2095 3377 2186 3432 differt
2205 3379 2333 3452 scriptum

1447 3447 1562 3529 Istiupm
1582 3464 1597 3500 a
1618 3447 1790 3528 gprmsnioo,
1814 3458 1844 3501 ut
1864 3445 2038 3529 menifestum
2055 3449 2108 3517 sit,
2126 3455 2266 3502 nentrum
2286 3467 2334 3504 ests

1444 3516 1558 3640 alternus
1576 3532 1749 3585 versionem,
1772 3534 1855 3586 quare
1874 3527 2009 3590 optimum
2031 3516 2173 3572 ridebatur
2193 3527 2334 3590 utrumque
2391 3579 2392 3604 Χ

1463 3601 1519 3639 are.
2391 3611 2392 3628 ι

1483 3649 1568 3722 Quod
1586 3667 1653 3704 sero
1671 3647 1767 3706 attinet
1781 3649 1841 3706 nde
1860 3649 1969 3706 istolsm
1982 3651 2015 3706 sd
2031 3651 2248 3724 Imperatorem,
2270 3653 2332 3708 iudi·
2391 3641 2392 3706 i

1449 3719 1494 3780 cio
1508 3719 1698 3800 praemium,
1714 3739 1745 3776 es
1759 3670 1963 3791 inplicitum
1976 3719 2091 3794 legitur,
2107 3721 2195 3777 uren
2207 3723 2335 3788 breviore,

1449 3807 1518 3862 quse
1540 3787 1569 3840 in
1594 3787 1714 3860 epistolis
1737 3787 1923 3844 Melautbonis
1945 3789 2058 3862 legiton
2084 3788 2169 3846 alters
2194 3792 2335 3864 ampliore,

1447 3875 1517 3931 quse
1528 3855 1642 3910 babetur
1652 3855 1682 3908 in
1696 3855 1773 3911 Actis
1785 3855 1933 3924 Ratisbott.¹
1942 3889 1979 3900 -
2012 3855 2079 3911 Tris
2093 3857 2180 3929 igitur
2198 3857 2246 3914 bie
2264 3859 2334 3914 dedi·

1448 3943 1531 3984 muse,
1548 3927 1593 3992 Α).
1606 3923 1754 3995 Epistolsm
1773 3926 1928 3982 breviorem
1950 3925 1986 3980 sd
2004 3925 2146 3989 Gsusrem
2168 3945 2201 3980 er
2222 3929 2335 4008 epistolis

1446 3990 1648 4058 Melantbonist
1670 3993 1705 4057 B)
1719 3993 1867 4062 Epistulam
1879 3993 2040 4066 ampliorem
2054 3994 2138 4050 simul
2153 4013 2224 4052 cuns
2241 3998 2334 4053 ruditis

1450 4063 1485 4120 de
1498 4061 1584 4130 libro,
1602 4059 1699 4126 latinu
1721 4060 1753 4130 C)
1768 4061 1880 4116 eandm
1896 4065 2059 4134 germanice.

1769 4179 1919 4284 ,Α.’

1346 4331 1512 4436 (Forma
1544 4335 1665 4433 prior,
1711 4334 1872 4419 brevior,
1919 4333 2094 4432 epistolae
2107 4278 2335 4441 'Principum

1347 4437 1658 4535 Evangelicorum
1674 4433 1730 4509 ad
1742 4432 1887 4514 Caro!
1894 4461 1961 4508 om
1978 4433 2030 4518 V.
2046 4435 2338 4538 Imperatorem.)

1368 4599 1480 4667 Manlii
1495 4599 1614 4680 Iorrog.
1628 4619 1660 4680 p.
1672 4598 1712 4662 ts
1722 4616 1807 4680 sqq„
1831 4597 1944 4662 Seleot.
1960 4597 2049 4678 epist.
2063 4617 2094 4678 p.
2105 4599 2247 4684 tidsqq„
2269 4605 2338 4686 Epi.

1401 4685 1509 4750 stolas.
1524 4685 1578 4750 lib.
1594 4683 1618 4750 I.
1640 4705 1671 4764 p.
1683 4683 1727 4747 42
1742 4703 1808 4764 sqq.
1837 4681 2034 4764 (etic‘Lo‘im.
2049 4681 2103 4747 lib.
2112 4683 2143 4752 I.
2158 4707 2209 4766 ep.
2223 4690 2294 4767 25.)
2313 4701 2337 4752 et

1400 4769 1476 4836 Mel.
1489 4769 1609 4834 consil.
1625 4769 1712 4834 latin.
1724 4767 1759 4833 P.
1770 4767 1793 4832 1.
1806 4765 1926 4848 piel.
1940 4801 1981 4820 -
2009 4765 2154 4832 Morbus
2166 4772 2337 4854 inscripsit:

1401 4855 1546 4938 „Oratio
1560 4855 1618 4920 Pb.
1627 4853 1676 4920 Μ.
1688 4855 1727 4918 ad
1737 4853 1884 4918 Cocalum
1891 4852 1931 4920 V.
1944 4851 2021 4934 Imp.
2034 4854 2225 4925 annotatt.
2241 4877 2338 4924 mense

1401 4941 1534 5024 Martio,
1561 4939 1796 5014 mommsen
1824 4938 1992 5004 Peuoemss
2026 4938 2104 5018 „tu
2124 4939 2339 5023 Imperatorem

1401 5026 1508 5092 Comi.
1523 5026 1560 5092 V.
1573 5024 1781 5104 Ratisponos,
1810 5021 1905 5090 tots.
1924 5041 2028 5086 meuse
2041 5021 2203 5104 Maroae,
2234 5041 2266 5094 at
2284 5051 2340 5096 nus

1401 5121 1448 5177 est
1471 5116 1597 5192 oratio,
1627 5129 1723 5189 neque
1744 5107 1864 5172 nomine
1885 5107 2095 5172 Molantbonis
2117 5111 2259 5196 scripta,
2292 5115 2339 5179 scd

1401 5195 1596 5277 Principum,
1617 5213 1728 5276 nequo,
1748 5203 1781 5258 ut
1796 5201 2006 5278 &gumerium
2019 5197 2116 5277 toust
2136 5217 2246 5264 meuse
2258 5201 2340 5266 llas·

1351 5339 1579 5362 μ

1387 5433 1415 5499 1)
1433 5428 1528 5484 Editor
1541 5425 1604 5483 libri
1617 5423 1669 5483 VI.
1680 5423 1800 5482 addidilt
1817 5439 1895 5480 armo
1909 5423 1986 5482 1541.
2031 5455 2039 5475 .

1388 5502 1417 5570 2)
1436 5499 1539 5556 Verbss
1555 5494 1691 5571 Salutem
1703 5505 1730 5552 te
1745 5506 1798 5552 etc.
1810 5493 1862 5552 slis
1874 5513 1958 5552 rnsno
1971 5495 2190 5570 adscripturus.
