4856 6266
104 361 129 434 s
511 389 517 399 ·
669 347 1111 440 -rrrsronanun
1158 357 1267 441 mn
1292 359 1397 438 vac
1448 357 1580 441 1⁵41.
1977 297 1988 350 ³
2098 367 2146 440 10

103 531 216 606 libere
246 531 290 604 in
316 529 467 628 publico
496 543 598 604 coetu
625 532 790 606 dicantur
812 535 1025 622 sententiae,
1056 535 1102 606 ad
1152 533 1273 640 Status
1289 536 1478 608 informari
1498 531 1661 630 possent,
1693 551 1728 610 et
1749 551 1869 632 postea
1891 538 1936 610 de
1957 538 2146 612 concordia

102 635 389 730 promovendam
416 635 688 727 explicationem
716 661 857 724 rerum,
878 649 990 734 ‘quae
1019 649 1104 710 sunt
1151 639 1210 730 pia
1231 639 1445 710 deliberare:
1488 635 1720 738 hauddubie
1748 653 1935 732 oposest,
1973 640 2147 712 recenseri

101 735 285 810 Ecclesiae
300 737 535 826 necessariae,
560 750 595 808 et
606 738 702 830 piam
717 739 1015 827 conciliationem,
1040 741 1102 810 sed
1152 741 1407 814 declarationes
1422 755 1455 814 et
1468 755 1687 833 argumenta.
1738 741 1793 814 Ae
1811 745 1929 812 nudae
1947 742 2148 812 conclusio·

102 841 209 910 etiam
224 841 373 912 daturos
388 863 551 932 operam,
584 863 632 912 ne
655 840 718 912 alii
739 841 951 936 impediant,
978 865 1104 936 quem-
1151 865 1214 912 nes
1235 857 1382 936 propter
1402 845 1654 916 obscuritatem
1677 844 1792 914 multo
1814 845 1925 934 magis
1946 844 2147 916 irritaturae

100 943 300 1016 admodum
329 937 401 1014 hoc
429 941 500 1010 iam
523 954 626 1012 antea
651 966 754 1038 saepe
777 969 799 1016 a
822 945 928 1016 nobis
951 945 1101 1038 petitum
1153 960 1268 1016 essent
1292 947 1431 1018 animos
1454 971 1596 1031 eorum,
1635 945 1766 1042 quibus
1791 940 1858 1014 hae
1887 946 2147 1016 controversiae

101 1057 170 1130 est,
204 1059 240 1116 et
261 1039 382 1116 adhuc
402 1045 503 1114 enixe
527 1044 735 1135 flagitamus.
787 1045 858 1118 Sed
882 1047 913 1116 si
934 1071 1033 1118 secus
1047 1069 1102 1116 res
1153 1069 1226 1116 non
1250 1049 1394 1139 penitus
1418 1062 1627 1134 notescunt,
1667 1071 1773 1142 quarn
1796 1047 2007 1138 placaturae.
2065 1046 2147 1138 Qua

99 1159 244 1236 agetur,
270 1145 530 1217 reservabimus
544 1143 782 1239 Principibus
796 1163 830 1218 et
848 1147 1013 1219 Dominis
1035 1171 1103 1218 no-
1153 1173 1194 1218 ιιι
1215 1173 1255 1220 re
1275 1151 1427 1220 maiores
1450 1153 1652 1220 animorum
1675 1149 1889 1220 offensiones
1913 1163 1974 1220 aut
1995 1147 2148 1221 maiores
2187 1200 2191 1216 .

99 1247 205 1335 stris,
235 1261 278 1320 ut
300 1247 369 1340 ipsi
385 1248 423 1316 in
441 1247 604 1339 proximo
620 1261 799 1320 conventu
814 1250 1010 1346 imperiali,
1041 1261 1103 1320 aut
1152 1251 1347 1322 discordiae
1364 1267 1545 1324 secuturae
1563 1265 1698 1338 essent,
1727 1251 1933 1343 praesertim
1947 1275 2056 1346 quum
2076 1275 2148 1322 nu·

100 1351 313 1446 ubicunque
326 1373 383 1421 res
395 1349 501 1434 leret,
515 1373 565 1420 ea
579 1365 784 1444 proponant
797 1365 833 1424 et
846 1367 985 1448 petant,
1010 1375 1100 1446 quae
1151 1354 1216 1421 dae
1239 1353 1434 1424 scotomiae
1460 1355 1567 1424 variis
1587 1354 1774 1424 calumniis
1797 1355 2007 1444 depravante
2031 1353 2104 1422 sint
2127 1377 2148 1426 a

99 1475 155 1526 res
174 1451 390 1546 postulabit,
415 1453 459 1522 de
477 1475 551 1545 quo
565 1465 812 1544 protestamur.
951 1495 954 1500 ‚
1151 1455 1292 1540 multis,
1316 1469 1357 1526 ut
1370 1479 1416 1524 ne
1430 1457 1475 1527 sit
1488 1458 1637 1542 mirum,
1656 1457 1800 1546 ignaros
1812 1457 1857 1524 ab
1872 1450 1929 1524 his
1943 1449 2147 1528 abhorrere.

203 1551 356 1626 Etcum
380 1549 446 1624 hac
469 1554 723 1645 protestatione
751 1556 935 1629 offerimus
962 1575 1029 1626 nos
1055 1557 1100 1626 ad
1151 1553 1290 1628 Deinde
1313 1581 1378 1627 nec
1404 1579 1471 1627 nos
1489 1581 1676 1648 possemus
1706 1571 1781 1628 acta
1814 1551 1921 1626 huius
1951 1569 2148 1628 conventus

99 1651 336 1732 christianam
353 1677 393 1725 ac
409 1655 502 1746 piam
519 1655 793 1728 collocutionem
816 1673 852 1730 et
873 1657 1101 1728 informatio·
1152 1659 1287 1749 integre
1316 1660 1465 1730 recitare
1491 1657 1719 1752 Principibus
1748 1672 1785 1728 et
1809 1655 1975 1732 Demissis
2005 1658 2148 1742 nostris,

98 1779 184 1828 nem
207 1769 353 1830 nostrae
375 1756 558 1832 doctrinae
581 1771 615 1830 et
632 1759 833 1850 religionis,
864 1775 904 1832 ut
926 1762 1101 1850 adpareat,
1151 1761 1222 1830 nisi
1246 1762 1365 1852 copias
1395 1755 1606 1832 haberemus
1633 1761 1746 1831 totius
1772 1759 2032 1851 disputationis.
2098 1755 2148 1830 Et
2225 1803 2232 1816 ·

100 1885 168 1932 nos
187 1883 264 1932 non
285 1881 455 1954 quaerere
481 1857 635 1930 latebras
665 1863 763 1934 velut
792 1864 967 1954 lucifugos
976 1857 1025 1956 ⁹),
1061 1885 1101 1932 ac
1151 1863 1258 1932 verba
1279 1864 1472 1934 iuramenti
1494 1861 1724 1934 Notariorum
1748 1863 1956 1945 ostendunt,
1992 1883 2056 1930 ros
2082 1883 2147 1932 an·

99 1961 366 2037 declarabimus
391 1960 590 2032 doctrinam
616 1959 856 2036 Ecclesiarum
887 1979 1101 2048 nostrarum,
1150 1976 1205 2034 tea
1229 1959 1303 2035 hoc·
1319 1965 1490 2052 voluisse,
1523 1979 1564 2036 ut
1585 1989 1659 2035 non
1680 1966 1800 2034 nudae
1818 1962 2063 2034 conclusiones
2084 1963 2146 2032 sed

98 2079 137 2136 nt
155 2067 203 2134 de
219 2064 383 2134 doctriua
401 2061 642 2140 Ecclesiamm
656 2065 752 2136 iuxta
768 2069 918 2142 verbnm
931 2065 1000 2138 Dei
1014 2089 1101 2136 con·
1150 2068 1261 2138 totius
1281 2081 1450 2142 tractatus
1470 2080 1546 2140 acta
1558 2061 1881 2160 ’perscriberentun
1932 2063 2030 2134 Haec
2052 2063 2148 2134 enim

98 2167 281 2238 stitnenda
297 2165 491 2236 deliberari
506 2166 635 2258 possit,
668 2191 732 2238 nec
752 2170 868 2240 cilicio
891 2183 1014 2240 nostro
1038 2170 1100 2238 dc·
1150 2183 1235 2239 sunt
1249 2170 1358 2240 verba
1372 2171 1580 2240 iuramenti:
1608 2177 1648 2239 ut
1662 2165 1790 2238 omnia
1805 2176 1837 2236 et
1850 2161 2027 2262 singula,
2053 2187 2147 2264 qnos

97 2269 213 2341 loturi
227 2289 364 2339 snmus.
414 2263 464 2338 Ut
485 2281 604 2340 autem
626 2267 812 2366 plerasque
832 2273 919 2342 alias
939 2271 1101 2342 difficiles
1147 2278 1414 2368 proponantur,
1443 2265 1614 2366 fideliter
1644 2268 1887 2368 perscribant.
1950 2267 1999 2338 Et
2008 2263 2051 2364 ¹⁰)
2085 2289 2148 2338 ros

98 2385 132 2442 et
151 2369 299 2468 iniquas
316 2367 559 2456 conditiones,
592 2394 679 2464 quas
696 2373 861 2464 colligere
873 2374 1003 2444 multas
1017 2395 1101 2466 pos-
1151 2373 1314 2442 omniurn
1331 2387 1364 2444 et
1383 2373 1605 2464 singulorum
1623 2387 1784 2444 actorum
1801 2371 1919 2466 copias
1938 2369 2043 2440 nobis
2062 2393 2148 2461 pro-

98 2495 243 2558 sumus,
274 2471 315 2541 in
333 2465 402 2542 bac
422 2494 526 2542 cansa
545 2473 762 2565 accepimus,
795 2475 944 2548 utboni
967 2475 1102 2546 intelli·
1150 2475 1306 2546 misistis.
1357 2473 1442 2545 ldeo
1459 2500 1533 2546 non
1551 2499 1738 2569 possumus
1753 2470 1838 2546 huic
1859 2473 2011 2546 articulo
2034 2472 2147 2556 aliter,

97 2599 181 2667 gere
204 2587 369 2668 possent,
402 2595 469 2644 nos
490 2587 653 2666 expetere
672 2577 851 2667 publicam
874 2578 1099 2648 concordiam
1151 2599 1257 2671 quam
1272 2577 1343 2646 iam
1359 2578 1493 2648 dictum
1509 2591 1580 2663 est,
1605 2576 1780 2652 assentiri.

98 2691 132 2750 et
159 2675 477 2770 tranquillitatem:
512 2675 562 2746 ita
593 2689 628 2746 et
659 2671 752 2748 hanc
784 2679 949 2770 publicae
976 2701 1101 2750 causae
1251 2677 1451 2766 Postremo,
1485 2681 1581 2776 quod
1605 2680 1783 2750 adiectum
1807 2691 1878 2763 est,
1910 2689 1950 2748 ut
1970 2676 2043 2745 sint
2057 2673 2146 2744 salvi

98 2777 389 2858 condonabimus
404 2789 438 2847 et
452 2773 529 2847 Deo
545 2779 815 2852 committemus.
872 2781 942 2854 Sed
963 2779 1012 2852 ita
1034 2803 1100 2852 nos
1149 2775 1323 2852 Recessus
1347 2781 1571 2875 superiorum
1595 2795 1835 2852 conventuum
1850 2793 1912 2854 etc.
1933 2776 2145 2848 assentimur

98 2881 288 2954 offerimus
302 2873 386 2951 huic
401 2877 650 2966 collocutioni,
680 2895 722 2953 ut
735 2883 869 2954 nostris
885 2884 1039 2954 liberum
1055 2883 1101 2954 sit
1150 2885 1196 2952 de
1216 2883 1412 2954 recessibus
1437 2885 1607 2978 utrinque
1632 2881 1780 2974 receptis
1802 2895 1837 2952 et
1856 2903 1931 2950 non
1954 2880 2073 2964 aliter,
2112 2891 2147 2948 et

98 2985 137 3054 ln
154 2981 303 3077 publico
322 2991 424 3050 coetu
440 2982 556 3052 dicere
572 2983 782 3068 sententias,
813 2999 848 3058 et
868 3009 914 3054 ne
934 2985 1101 3054 id‘dene-
1149 2986 1334 3055 referimus
1365 3010 1432 3056 nos
1459 2987 1504 3055 ad
1535 2985 1733 3078 superiores
1758 2982 2043 3076 protestationes.
2098 2975 2147 3050 Et

99 3101 204 3178 getur
230 3081 300 3169 eis,
339 3107 451 3178 quum
482 3105 518 3153 se
544 3085 662 3154 audiri
695 3099 833 3178 petant,
872 3087 962 3158 sicut
993 3086 1097 3157 etiam
1151 3089 1247 3184 quod
1270 3089 1315 3156 ad
1338 3088 1592 3160 declarationes
1609 3087 1733 3160 attinet
1747 3083 1900 3156 lllustris
1914 3082 2021 3156 Dom.
2035 3079 2145 3154 Com·

99 3187 272 3260 omnibus
294 3183 334 3254 in
358 3185 467 3255 altera
490 3199 609 3278 parte,
648 3189 884 3282 quantumin
909 3189 1015 3259 nobis
1038 3201 1100 3274 est,
1151 3189 1322 3276 missarii,
1355 3214 1412 3276 ea,
1444 3215 1535 3284 quae
1555 3190 1711 3258 vicissim
1733 3201 1854 3258 nostra
1877 3185 2063 3256 necessitas
2080 3207 2146 3276 po·

98 3291 257 3362 liberum
282 3281 351 3357 hoe
374 3287 609 3380 relinquimus
631 3301 665 3360 et
687 3289 833 3362 concedi
853 3291 1099 3381 anteapetivi-
1151 3293 1314 3377 stulabit‚
1354 3292 1719 3365 commemorabimus.
1778 3285 1898 3383 Atque
1919 3281 2005 3356 haec
2026 3287 2071 3356 ad
2092 3308 2145 3366 ea,

98 3415 180 3462 mus
195 3404 231 3460 et
245 3413 500 3484 nuncquoque
513 3389 679 3482 petimus.
731 3391 839 3481 Quod
856 3417 942 3464 vero
959 3391 1100 3478 dicitur,
1151 3417 1242 3486 quae
1280 3393 1385 3464 nobis
1416 3395 1576 3486 proxime
1610 3391 1858 3486 proposuistis,
1898 3387 2146 3482 respondenda

98 3491 234 3564 minori
251 3489 345 3584 parti
362 3491 529 3577 concedi,
552 3505 593 3564 nt
606 3487 734 3564 habeat
748 3495 945 3566 libertatem
962 3497 1099 3565 dissen-
1150 3495 1333 3580 duximus,
1358 3519 1398 3564 ac
1415 3517 1580 3584 rogamus
1596 3519 1642 3565 ne
1660 3484 1761 3564 causa
1778 3491 1913 3562 diutius
1930 3485 2145 3562 extrahatur.

98 3595 253 3670 tiendia
276 3593 439 3677 caeteris,
467 3593 536 3664 nisi
552 3591 720 3666 Caesarea
737 3595 905 3668 Maiestas
928 3611 963 3667 et
978 3595 1099 3668 Status
1380 3587 1614 3694 Principum,
1645 3591 1820 3665 Statuam
1839 3601 1870 3662 et
1888 3583 2092 3661 Civitatem

99 3695 251 3790 lmpcrli
268 3696 525 3788 pronuncient,
556 3709 615 3782 ut,
648 3697 740 3768 sicut
761 3699 947 3782 convenit,
980 3721 1100 3768 assen-
1381 3687 2096 3795 AugustanneConsessionisConsilin-

99 3801 239 3871 tiaotur
261 3795 442 3898 pluribus,
474 3792 542 3866 hoc
565 3797 605 3866 in
629 3799 742 3869 causis
763 3800 945 3890 religionis
968 3801 1097 3872 durum
1379 3799 1446 3883 rii,
1472 3795 1620 3898 Nuntii
1633 3793 1877 3896 etLegoti.¹¹)

100 3917 135 3972 et
151 3901 326 3974 iniustum
346 3913 416 3984 cst,
447 3899 487 3966 in
512 3899 642 3991 quihus
664 3901 876 3994 inquirenda
900 3915 951 3978 est
967 3901 1098 3974 veritas
1667 3931 1671 3938 ·

101 4029 140 4076 ex
158 4003 270 4076 verbo
284 3997 373 4080 Dei,
399 4025 463 4072 nec
478 4001 627 4090 cogendi
641 4017 725 4072 sunt
742 3998 913 4089 homines,
940 4017 990 4088 nt,
1012 4029 1098 4073 con·
1897 4075 1906 4082 ,

100 4121 152 4178 tra
179 4101 434 4174 conscientiam
457 4115 551 4172 recte
573 4103 770 4174 institutam
796 4129 836 4174 ex
862 4117 956 4175 certo
986 4107 1096 4176 verbo
1147 4145 1202 4218 No
1229 4147 1332 4219 2¹¹5
2013 4153 2032 4220 5
2065 4147 2117 4211 hu

98 4205 187 4290 Dei,
213 4205 293 4278 aliis
309 4203 565 4278 adsentiantur.
615 4203 707 4276 Nam
728 4221 867 4298 oportet
889 4203 967 4276 Deo
988 4208 1097 4297 magis
1154 4195 1343 4272 μ’
1888 4211 1895 4218 ’
1998 4195 2136 4267 „94

101 4309 248 4380 obedire
266 4329 373 4400 quam
392 4301 611 4380 hominibus.
663 4305 747 4378 ldeo
769 4309 823 4376 illi
843 4309 1037 4400 particulae
1057 4310 1095 4378 in
1299 4313 1515 4401 Ogiandgr
1532 4313 1595 4399 ad
1610 4313 1991 4426 Norinbergengeg,

101 4411 214 4484 forma
226 4407 624 4498 nosrelragarinecesse
638 4421 701 4483 est.
728 4407 935 4496 Insecrrndo
946 4411 1095 4482 articulo

102 4515 244 4596 dicitur,
259 4533 334 4580 non
346 4523 550 4600 argumenta
564 4512 623 4580 sed
634 4523 771 4581 tantum
782 4511 1038 4596 conclusiones,
1053 4514 1096 4582 de
1215 4494 1295 4552 Μ’·
1314 4515 1330 4550 ·
1349 4491 1486 4552 ⁵¹¹⁰¹52¹³⁰
1507 4493 1536 4550 ³¹¹
1555 4495 1705 4576 appendice
1726 4493 1803 4550 ”¹³⁶²
1833 4492 1923 4548 ¹⁰³&
1941 4490 2089 4545 Camenas
2108 4488 2142 4544 ‘¹²

148 4617 158 4634 .
263 4611 273 4630 .
657 4613 666 4630 .
1038 4616 1047 4632 ,
1249 4565 1301 4620 vita
1314 4565 1384 4622 Phil.
1398 4565 1465 4619 Mel.
1485 4559 2083 4630 narratio-editaastrobelio(llal.1777.
2102 4559 2141 4628 8.)

102 4616 231 4712 qudam
262 4625 357 4682 anter
379 4623 495 4704 partes
516 4627 702 4684 conveniet
723 4613 780 4684 vel
800 4637 874 4682 non
897 4627 1097 4699 conveniet,
1249 4651 1278 4706 p.
1291 4633 1353 4690 stt.

102 4716 305 4788 scribendas
321 4735 394 4782 esse
413 4737 432 4783 a
448 4713 608 4788 notariis.
659 4709 738 4788 Etsi
751 4715 856 4787 vitari
871 4739 938 4786 nos
953 4739 1095 4810 quoqne
1401 4787 1409 4806 ‚
1552 4787 1559 4806 ,
1890 4785 1898 4804 ‚
2031 4797 2036 4804 ⁸

102 4819 251 4890 otiosamt
262 4813 500 4908 prolixitatem
512 4816 688 4904 volumus,
703 4831 823 4888 tamen
835 4819 999 4909 petimus,
1014 4841 1095 4910 per·
1146 4785 1288 4864 Andr·
1316 4784 1557 4864 ΟΜΝΗ
1588 4811 1641 4906 ‘P'
1666 4783 1711 4909 df
1734 4785 1919 4889 ⁶⁰ll⁰im⁰
1952 4781 2138 4862 W‘ffma‘

102 4920 208 4992 scribi
224 4915 413 5012 utriusque
427 4917 537 5010 partis
552 4917 804 4990 declarationes
827 4931 860 4990 et
878 4933 1095 5010 argumenta,
1582 4901 1703 4962 'mm‘

102 5037 205 5118 atque
228 5019 278 5091 ita
304 5019 413 5090 totius
428 5031 595 5090 tractatus
611 5033 686 5091 acta
703 5019 892 5110 diligenter
905 5021 1094 5094 conscribi.
1144 4987 1317 5082 Gratiam
1336 5025 1371 5083 el
1391 5031 1512 5103 pacem
1533 5021 1598 5083 elc-
1649 5006 1734 5080 1²⁰⁸!
1747 5031 1787 5078 0³
1807 5031 1899 5102 (1⁰³0
1911 5031 1953 5077 0¹
1969 5003 2140 5100 proximis

104 5121 225 5214 Quum
246 5121 343 5194 enim
365 5115 435 5192 hoc
455 5121 672 5216 colloquium
691 5121 949 5194 instituendum
966 5121 1030 5208 sit,
1054 5137 1095 5196 ut
1144 5113 1273 5184 litteris
1289 5111 1516 5204 cognovistis,
1532 5135 1611 5180 cum
1629 5111 1699 5180 iam
1717 5115 1830 5180 nostri
1841 5107 2060 5202 colloquium
2076 5129 2140 5180 nr-

103 5225 272 5322 inquisita
295 5223 444 5297 veritate
466 5220 759 5296 Cacs.*Maiestas
787 5237 823 5296 ct
846 5221 1031 5318 Principes
1054 5249 1094 5296 ac
1144 5229 1283 5306 Sereni.
1308 5215 1593 5287 varleltsslttssm
1607 5205 1913 5294 eslaGmmlas
1939 5223 1981 5280 ul
1996 5221 2138 5280 ¹²⁰³l¹⁰⁵

1179 5465 1223 5536 to)
1240 5461 1327 5520 lloed.
1336 5461 1515 5532 perscribant
1527 5470 1578 5517 etc.
1591 5474 1649 5514 vos.

136 5559 164 5630 9)
182 5556 272 5616 3⁰⁰³·
284 5554 434 5626 WYW·
1178 5555 1224 5623 11)
1244 5551 1358 5608 subscr.
1371 5565 1427 5604 non
1441 5548 1520 5604 babet
1532 5545 1620 5602 head.
