<?xml version="1.0" encoding="UTF-8"?>
<!DOCTYPE html PUBLIC "-//W3C//DTD XHTML 1.0 Transitional//EN"
    "http://www.w3.org/TR/xhtml1/DTD/xhtml1-transitional.dtd">
<html xmlns="http://www.w3.org/1999/xhtml" xml:lang="en" lang="en">
 <head>
  <title>
</title>
<meta http-equiv="Content-Type" content="text/html;charset=utf-8" />
  <meta name='ocr-system' content='tesseract 3.04.00' />
  <meta name='ocr-capabilities' content='ocr_page ocr_carea ocr_par ocr_line ocrx_word'/>
</head>
<body>
  <div class='ocr_page' id='page_1' title='image "./philippimelanth03bindgoog_0367.png"; bbox 0 0 4764 6270; ppageno 0'>
   <div class='ocr_carea' id='block_1_1' title="bbox 53 321 2084 446">
    <p class='ocr_par' dir='ltr' id='par_1_1' title="bbox 53 321 2084 446">
     <span class='ocr_line' id='line_1_1' title="bbox 53 321 2084 446; baseline -0 0"><span class='ocrx_word' id='word_1_1' title='bbox 53 373 120 446; x_wconf 84' lang='lat' dir='ltr'><strong>us</strong></span> <span class='ocrx_word' id='word_1_2' title='bbox 598 357 1037 440; x_wconf 82' lang='lat' dir='ltr'><strong>urraronanuu</strong></span> <span class='ocrx_word' id='word_1_3' title='bbox 1089 353 1335 444; x_wconf 80' lang='lat' dir='ltr'><strong>utn.vtu.</strong></span> <span class='ocrx_word' id='word_1_4' title='bbox 1388 343 1523 442; x_wconf 75' lang='lat' dir='ltr'><strong>eset.</strong></span> <span class='ocrx_word' id='word_1_5' title='bbox 1999 321 2084 446; x_wconf 66' lang='lat' dir='ltr'><strong>&#39;on</strong></span> 
     </span>
    </p>
   </div>
   <div class='ocr_carea' id='block_1_2' title="bbox 8 529 2082 1950">
    <p class='ocr_par' dir='ltr' id='par_1_2' title="bbox 51 529 2082 1239">
     <span class='ocr_line' id='line_1_2' title="bbox 53 529 2082 632; baseline 0.011 -37"><span class='ocrx_word' id='word_1_6' title='bbox 53 535 411 632; x_wconf 56' lang='lat' dir='ltr'><strong>prm-impendentem</strong></span> <span class='ocrx_word' id='word_1_7' title='bbox 435 529 768 631; x_wconf 62' lang='lat' dir='ltr'><strong>raam-r‘sspuppiur,</strong></span> <span class='ocrx_word' id='word_1_8' title='bbox 796 535 835 607; x_wconf 91' lang='lat' dir='ltr'><strong>id</strong></span> <span class='ocrx_word' id='word_1_9' title='bbox 860 548 930 622; x_wconf 87' lang='lat' dir='ltr'><strong>est,</strong></span> <span class='ocrx_word' id='word_1_10' title='bbox 954 531 1031 606; x_wconf 77' lang='lat' dir='ltr'><strong>tte.</strong></span> <span class='ocrx_word' id='word_1_11' title='bbox 1086 531 1168 623; x_wconf 83' lang='lat' dir='ltr'><strong>Quo</strong></span> <span class='ocrx_word' id='word_1_12' title='bbox 1186 533 1281 609; x_wconf 88' lang='lat' dir='ltr'><strong>enim</strong></span> <span class='ocrx_word' id='word_1_13' title='bbox 1295 554 1368 606; x_wconf 89' lang='lat' dir='ltr'><strong>esse</strong></span> <span class='ocrx_word' id='word_1_14' title='bbox 1384 535 1505 608; x_wconf 88' lang='lat' dir='ltr'><strong>animo</strong></span> <span class='ocrx_word' id='word_1_15' title='bbox 1519 535 1710 622; x_wconf 84' lang='lat' dir='ltr'><strong>debebam,</strong></span> <span class='ocrx_word' id='word_1_16' title='bbox 1736 561 1815 610; x_wconf 90' lang='lat' dir='ltr'><strong>cum</strong></span> <span class='ocrx_word' id='word_1_17' title='bbox 1832 539 1991 616; x_wconf 77' lang='lat' dir='ltr'><strong>riderem</strong></span> <span class='ocrx_word' id='word_1_18' title='bbox 2012 559 2082 616; x_wconf 79' lang='lat' dir='ltr'><strong>sta-</strong></span> 
     </span>
     <span class='ocr_line' id='line_1_3' title="bbox 52 635 2082 734; baseline 0.001 -20"><span class='ocrx_word' id='word_1_19' title='bbox 52 649 147 734; x_wconf 69' lang='lat' dir='ltr'><strong>pouin</strong></span> <span class='ocrx_word' id='word_1_20' title='bbox 168 640 403 714; x_wconf 80' lang='lat' dir='ltr'><strong>Pontiircium.</strong></span> <span class='ocrx_word' id='word_1_21' title='bbox 460 636 530 709; x_wconf 86' lang='lat' dir='ltr'><strong>Hic</strong></span> <span class='ocrx_word' id='word_1_22' title='bbox 555 638 712 730; x_wconf 83' lang='lat' dir='ltr'><strong>primurn</strong></span> <span class='ocrx_word' id='word_1_23' title='bbox 736 639 910 724; x_wconf 63' lang='lat' dir='ltr'><strong>ostendit,</strong></span> <span class='ocrx_word' id='word_1_24' title='bbox 940 635 1029 731; x_wconf 86' lang='lat' dir='ltr'><strong>quid</strong></span> <span class='ocrx_word' id='word_1_25' title='bbox 1084 635 1182 708; x_wconf 85' lang='lat' dir='ltr'><strong>bilici</strong></span> <span class='ocrx_word' id='word_1_26' title='bbox 1199 650 1336 708; x_wconf 85' lang='lat' dir='ltr'><strong>veteres</strong></span> <span class='ocrx_word' id='word_1_27' title='bbox 1352 661 1499 724; x_wconf 85' lang='lat' dir='ltr'><strong>errores,</strong></span> <span class='ocrx_word' id='word_1_28' title='bbox 1526 639 1763 710; x_wconf 87' lang='lat' dir='ltr'><strong>ctnobiscum</strong></span> <span class='ocrx_word' id='word_1_29' title='bbox 1779 641 1926 714; x_wconf 89' lang='lat' dir='ltr'><strong>minime</strong></span> <span class='ocrx_word' id='word_1_30' title='bbox 1941 669 1982 718; x_wconf 92' lang='lat' dir='ltr'><strong>eo</strong></span> <span class='ocrx_word' id='word_1_31' title='bbox 1997 671 2082 718; x_wconf 89' lang='lat' dir='ltr'><strong>cau-</strong></span> 
     </span>
     <span class='ocr_line' id='line_1_4' title="bbox 55 735 2080 836; baseline 0.005 -24"><span class='ocrx_word' id='word_1_32' title='bbox 55 757 140 818; x_wconf 77' lang='lat' dir='ltr'><strong>cscet</strong></span> <span class='ocrx_word' id='word_1_33' title='bbox 154 735 636 835; x_wconf 60' lang='lat' dir='ltr'><strong>&amp;ciceiam-ediliasbenim</strong></span> <span class='ocrx_word' id='word_1_34' title='bbox 656 741 792 813; x_wconf 73' lang='lat' dir='ltr'><strong>samad</strong></span> <span class='ocrx_word' id='word_1_35' title='bbox 806 740 1028 820; x_wconf 78' lang='lat' dir='ltr'><strong>ordinariam</strong></span> <span class='ocrx_word' id='word_1_36' title='bbox 1083 739 1169 810; x_wconf 83' lang='lat' dir='ltr'><strong>dore</strong></span> <span class='ocrx_word' id='word_1_37' title='bbox 1191 735 1267 828; x_wconf 77' lang='lat' dir='ltr'><strong>agi,</strong></span> <span class='ocrx_word' id='word_1_38' title='bbox 1307 763 1412 832; x_wconf 85' lang='lat' dir='ltr'><strong>qrrem</strong></span> <span class='ocrx_word' id='word_1_39' title='bbox 1438 741 1517 831; x_wconf 87' lang='lat' dir='ltr'><strong>pios</strong></span> <span class='ocrx_word' id='word_1_40' title='bbox 1543 751 1719 832; x_wconf 71' lang='lat' dir='ltr'><strong>praestaro</strong></span> <span class='ocrx_word' id='word_1_41' title='bbox 1743 743 1884 833; x_wconf 64' lang='lat' dir='ltr'><strong>detali,</strong></span> <span class='ocrx_word' id='word_1_42' title='bbox 1914 741 2080 836; x_wconf 68' lang='lat' dir='ltr'><strong>Habeant</strong></span> 
     </span>
     <span class='ocr_line' id='line_1_5' title="bbox 52 839 2079 936; baseline 0.003 -19"><span class='ocrx_word' id='word_1_43' title='bbox 52 845 296 918; x_wconf 66' lang='lat' dir='ltr'><strong>nomimin-</strong></span> <span class='ocrx_word' id='word_1_44' title='bbox 317 840 593 934; x_wconf 59' lang='lat' dir='ltr'><strong>thrnporoue</strong></span> <span class='ocrx_word' id='word_1_45' title='bbox 615 853 650 912; x_wconf 88' lang='lat' dir='ltr'><strong>et</strong></span> <span class='ocrx_word' id='word_1_46' title='bbox 683 843 729 922; x_wconf 76' lang='lat' dir='ltr'><strong>ad</strong></span> <span class='ocrx_word' id='word_1_47' title='bbox 762 843 856 931; x_wconf 75' lang='lat' dir='ltr'><strong>leges</strong></span> <span class='ocrx_word' id='word_1_48' title='bbox 893 863 1028 921; x_wconf 83' lang='lat' dir='ltr'><strong>comm.</strong></span> <span class='ocrx_word' id='word_1_49' title='bbox 1051 847 1052 858; x_wconf 59' lang='lat'>¹</span> <span class='ocrx_word' id='word_1_50' title='bbox 1080 839 1151 915; x_wconf 89' lang='lat' dir='ltr'><strong>sibi</strong></span> <span class='ocrx_word' id='word_1_51' title='bbox 1166 861 1265 913; x_wconf 81' lang='lat' dir='ltr'><strong>stram</strong></span> <span class='ocrx_word' id='word_1_52' title='bbox 1280 841 1485 914; x_wconf 74' lang='lat' dir='ltr'>daedaleam</span> <span class='ocrx_word' id='word_1_53' title='bbox 1510 843 1676 926; x_wconf 89' lang='lat' dir='ltr'><strong>domum,</strong></span> <span class='ocrx_word' id='word_1_54' title='bbox 1703 867 1830 936; x_wconf 67' lang='lat' dir='ltr'><strong>regiae,</strong></span> <span class='ocrx_word' id='word_1_55' title='bbox 1853 846 2005 923; x_wconf 88' lang='lat' dir='ltr'><strong>iniustas</strong></span> <span class='ocrx_word' id='word_1_56' title='bbox 2026 851 2079 924; x_wconf 88' lang='lat' dir='ltr'><strong>lc-</strong></span> 
     </span>
     <span class='ocr_line' id='line_1_6' title="bbox 53 938 2076 1046; baseline 0.004 -31"><span class='ocrx_word' id='word_1_57' title='bbox 53 949 197 1020; x_wconf 75' lang='lat' dir='ltr'><strong>Aiersse</strong></span> <span class='ocrx_word' id='word_1_58' title='bbox 216 959 373 1028; x_wconf 70' lang='lat' dir='ltr'><strong>murm,</strong></span> <span class='ocrx_word' id='word_1_59' title='bbox 403 943 443 1014; x_wconf 91' lang='lat' dir='ltr'><strong>in</strong></span> <span class='ocrx_word' id='word_1_60' title='bbox 462 967 533 1036; x_wconf 80' lang='lat' dir='ltr'><strong>quo</strong></span> <span class='ocrx_word' id='word_1_61' title='bbox 549 963 650 1014; x_wconf 86' lang='lat' dir='ltr'><strong>unus</strong></span> <span class='ocrx_word' id='word_1_62' title='bbox 670 943 716 1018; x_wconf 89' lang='lat' dir='ltr'><strong>sit</strong></span> <span class='ocrx_word' id='word_1_63' title='bbox 734 938 933 1016; x_wconf 86' lang='lat' dir='ltr'><strong>Monarcba</strong></span> <span class='ocrx_word' id='word_1_64' title='bbox 949 941 1026 1015; x_wconf 83' lang='lat' dir='ltr'><strong>Ro·</strong></span> <span class='ocrx_word' id='word_1_65' title='bbox 1080 963 1165 1032; x_wconf 68' lang='lat' dir='ltr'><strong>ges,</strong></span> <span class='ocrx_word' id='word_1_66' title='bbox 1184 942 1443 1033; x_wconf 86' lang='lat' dir='ltr'><strong>superstitiosos</strong></span> <span class='ocrx_word' id='word_1_67' title='bbox 1456 943 1594 1028; x_wconf 91' lang='lat' dir='ltr'><strong>cultus,</strong></span> <span class='ocrx_word' id='word_1_68' title='bbox 1620 939 1906 1040; x_wconf 73' lang='grc' dir='ltr'><strong><em>εἰδωλομαγίας,</em></strong></span> <span class='ocrx_word' id='word_1_69' title='bbox 1927 953 2076 1046; x_wconf 87' lang='lat' dir='ltr'><strong>aucupia</strong></span> 
     </span>
     <span class='ocr_line' id='line_1_7' title="bbox 52 1043 2076 1144; baseline 0.005 -28"><span class='ocrx_word' id='word_1_70' title='bbox 52 1045 346 1130; x_wconf 60' lang='lat' dir='ltr'><strong>mammantiatcs,</strong></span> <span class='ocrx_word' id='word_1_71' title='bbox 383 1046 473 1117; x_wconf 85' lang='lat' dir='ltr'><strong>dens</strong></span> <span class='ocrx_word' id='word_1_72' title='bbox 495 1056 703 1136; x_wconf 66' lang='lat' dir='ltr'><strong>musteum</strong></span> <span class='ocrx_word' id='word_1_73' title='bbox 726 1045 883 1128; x_wconf 58' lang='lat' dir='ltr'><strong>meandi</strong></span> <span class='ocrx_word' id='word_1_74' title='bbox 905 1058 940 1115; x_wconf 88' lang='lat' dir='ltr'><strong>et</strong></span> <span class='ocrx_word' id='word_1_75' title='bbox 962 1045 1027 1116; x_wconf 85' lang='lat' dir='ltr'><strong>ad·-</strong></span> <span class='ocrx_word' id='word_1_76' title='bbox 1080 1043 1270 1135; x_wconf 87' lang='lat' dir='ltr'><strong>pecuniae,</strong></span> <span class='ocrx_word' id='word_1_77' title='bbox 1302 1045 1435 1118; x_wconf 84' lang='lat' dir='ltr'><strong>loxrrm.</strong></span> <span class='ocrx_word' id='word_1_78' title='bbox 1487 1043 1585 1132; x_wconf 85' lang='lat' dir='ltr'><strong>Quid</strong></span> <span class='ocrx_word' id='word_1_79' title='bbox 1614 1046 1787 1120; x_wconf 90' lang='lat' dir='ltr'><strong>attineta</strong></span> <span class='ocrx_word' id='word_1_80' title='bbox 1821 1053 1925 1124; x_wconf 89' lang='lat' dir='ltr'><strong>nobis</strong></span> <span class='ocrx_word' id='word_1_81' title='bbox 1957 1068 2076 1144; x_wconf 85' lang='lat' dir='ltr'><strong>petere</strong></span> 
     </span>
     <span class='ocr_line' id='line_1_8' title="bbox 51 1139 1671 1239; baseline -0.004 -17"><span class='ocrx_word' id='word_1_82' title='bbox 51 1149 260 1222; x_wconf 78' lang='lat' dir='ltr'><strong>ninistmndi</strong></span> <span class='ocrx_word' id='word_1_83' title='bbox 276 1146 508 1220; x_wconf 66' lang='lat' dir='ltr'><strong>&amp;cumcun</strong></span> <span class='ocrx_word' id='word_1_84' title='bbox 526 1147 674 1219; x_wconf 81' lang='lat' dir='ltr'><strong>caeteris</strong></span> <span class='ocrx_word' id='word_1_85' title='bbox 694 1171 759 1239; x_wconf 88' lang='lat' dir='ltr'><strong>per</strong></span> <span class='ocrx_word' id='word_1_86' title='bbox 780 1149 925 1237; x_wconf 61' lang='lat' dir='ltr'><strong>matius,</strong></span> <span class='ocrx_word' id='word_1_87' title='bbox 957 1139 1026 1214; x_wconf 86' lang='lat' dir='ltr'><strong>hoc</strong></span> <span class='ocrx_word' id='word_1_88' title='bbox 1080 1164 1201 1218; x_wconf 86' lang='lat' dir='ltr'><strong>earnm</strong></span> <span class='ocrx_word' id='word_1_89' title='bbox 1219 1167 1339 1214; x_wconf 88' lang='lat' dir='ltr'><strong>rerum</strong></span> <span class='ocrx_word' id='word_1_90' title='bbox 1354 1147 1671 1236; x_wconf 80' lang='lat' dir='ltr'>adprobationem?</span> 
     </span>
    </p>

    <p class='ocr_par' dir='ltr' id='par_1_3' title="bbox 8 1243 2082 1950">
     <span class='ocr_line' id='line_1_9' title="bbox 51 1243 2073 1348; baseline 0.006 -28"><span class='ocrx_word' id='word_1_91' title='bbox 51 1267 110 1338; x_wconf 85' lang='lat' dir='ltr'><strong>cst,</strong></span> <span class='ocrx_word' id='word_1_92' title='bbox 136 1247 340 1342; x_wconf 84' lang='lat' dir='ltr'><strong>Episcopis,</strong></span> <span class='ocrx_word' id='word_1_93' title='bbox 371 1261 408 1320; x_wconf 89' lang='lat' dir='ltr'><strong>et</strong></span> <span class='ocrx_word' id='word_1_94' title='bbox 424 1247 554 1318; x_wconf 87' lang='lat' dir='ltr'><strong>deinde</strong></span> <span class='ocrx_word' id='word_1_95' title='bbox 573 1247 802 1318; x_wconf 67' lang='lat' dir='ltr'><strong>inferioribus</strong></span> <span class='ocrx_word' id='word_1_96' title='bbox 823 1245 1025 1320; x_wconf 84' lang='lat' dir='ltr'><strong>Sacerdoti·</strong></span> <span class='ocrx_word' id='word_1_97' title='bbox 1179 1243 1259 1316; x_wconf 87' lang='lat' dir='ltr'><strong>Etsi</strong></span> <span class='ocrx_word' id='word_1_98' title='bbox 1284 1261 1400 1318; x_wconf 76' lang='lat' dir='ltr'><strong>atatem</strong></span> <span class='ocrx_word' id='word_1_99' title='bbox 1430 1249 1536 1318; x_wconf 90' lang='lat' dir='ltr'><strong>toties</strong></span> <span class='ocrx_word' id='word_1_100' title='bbox 1561 1250 1632 1318; x_wconf 92' lang='lat' dir='ltr'><strong>iam</strong></span> <span class='ocrx_word' id='word_1_101' title='bbox 1666 1250 1830 1322; x_wconf 80' lang='lat' dir='ltr'>audimus</span> <span class='ocrx_word' id='word_1_102' title='bbox 1862 1268 1896 1326; x_wconf 90' lang='lat' dir='ltr'><strong>et</strong></span> <span class='ocrx_word' id='word_1_103' title='bbox 1924 1255 2073 1348; x_wconf 80' lang='lat' dir='ltr'><strong>legimus</strong></span> 
     </span>
     <span class='ocr_line' id='line_1_10' title="bbox 51 1347 2072 1444; baseline 0.004 -24"><span class='ocrx_word' id='word_1_104' title='bbox 51 1357 122 1436; x_wconf 77' lang='lat' dir='ltr'><strong>bns,</strong></span> <span class='ocrx_word' id='word_1_105' title='bbox 140 1353 359 1422; x_wconf 59' lang='lat' dir='ltr'><strong>etsondma</strong></span> <span class='ocrx_word' id='word_1_106' title='bbox 380 1349 494 1438; x_wconf 67' lang='lat' dir='ltr'><strong>leges,</strong></span> <span class='ocrx_word' id='word_1_107' title='bbox 518 1361 561 1423; x_wconf 81' lang='lat' dir='ltr'><strong>ut</strong></span> <span class='ocrx_word' id='word_1_108' title='bbox 586 1349 680 1424; x_wconf 84' lang='lat' dir='ltr'><strong>liber</strong></span> <span class='ocrx_word' id='word_1_109' title='bbox 698 1350 877 1444; x_wconf 81' lang='lat' dir='ltr'><strong>loquitur,</strong></span> <span class='ocrx_word' id='word_1_110' title='bbox 901 1347 947 1422; x_wconf 81' lang='lat' dir='ltr'><strong>ad</strong></span> <span class='ocrx_word' id='word_1_111' title='bbox 965 1371 1046 1442; x_wconf 38' lang='lat' dir='ltr'><strong>erc-¹</strong></span> <span class='ocrx_word' id='word_1_112' title='bbox 1077 1348 1272 1420; x_wconf 79' lang='lat' dir='ltr'><strong>mssltorum</strong></span> <span class='ocrx_word' id='word_1_113' title='bbox 1293 1349 1469 1420; x_wconf 86' lang='lat' dir='ltr'><strong>orationes</strong></span> <span class='ocrx_word' id='word_1_114' title='bbox 1491 1350 1646 1440; x_wconf 83' lang='lat' dir='ltr'>speciose</span> <span class='ocrx_word' id='word_1_115' title='bbox 1674 1363 1708 1422; x_wconf 90' lang='lat' dir='ltr'><strong>et</strong></span> <span class='ocrx_word' id='word_1_116' title='bbox 1734 1353 2072 1443; x_wconf 55' lang='lat' dir='ltr'><strong>plausibilitercon„</strong></span> 
     </span>
     <span class='ocr_line' id='line_1_11' title="bbox 50 1437 2073 1557; baseline 0.004 -34"><span class='ocrx_word' id='word_1_117' title='bbox 50 1452 398 1542; x_wconf 69' lang='lat' dir='ltr'><strong>ritcndcn&#39;p&#39;mbtcm</strong></span> <span class='ocrx_word' id='word_1_118' title='bbox 424 1463 460 1524; x_wconf 87' lang='lat' dir='ltr'><strong>ct</strong></span> <span class='ocrx_word' id='word_1_119' title='bbox 482 1437 698 1524; x_wconf 66' lang='lat' dir='ltr'><strong>iuhiend‘sm</strong></span> <span class='ocrx_word' id='word_1_120' title='bbox 719 1451 838 1528; x_wconf 74' lang='lat' dir='ltr'><strong>fidem.</strong></span> <span class='ocrx_word' id='word_1_121' title='bbox 868 1491 877 1510; x_wconf 63' lang='grc' dir='ltr'><em>ι</em></span> <span class='ocrx_word' id='word_1_122' title='bbox 895 1446 943 1520; x_wconf 88' lang='lat' dir='ltr'><strong>Et</strong></span> <span class='ocrx_word' id='word_1_123' title='bbox 959 1451 1025 1523; x_wconf 86' lang='lat' dir='ltr'><strong>ad·</strong></span> <span class='ocrx_word' id='word_1_124' title='bbox 1078 1449 1259 1524; x_wconf 83' lang='lat' dir='ltr'><strong>cinnantcs</strong></span> <span class='ocrx_word' id='word_1_125' title='bbox 1274 1449 1319 1520; x_wconf 90' lang='lat' dir='ltr'><strong>de</strong></span> <span class='ocrx_word' id='word_1_126' title='bbox 1340 1451 1486 1538; x_wconf 82' lang='lat' dir='ltr'>ordine,</span> <span class='ocrx_word' id='word_1_127' title='bbox 1512 1454 1557 1525; x_wconf 88' lang='lat' dir='ltr'><strong>dc</strong></span> <span class='ocrx_word' id='word_1_128' title='bbox 1583 1453 1737 1557; x_wconf 66' lang='lat' dir='ltr'><strong>piaculis</strong></span> <span class='ocrx_word' id='word_1_129' title='bbox 1756 1455 1870 1527; x_wconf 84' lang='lat' dir='ltr'><strong>bonae</strong></span> <span class='ocrx_word' id='word_1_130' title='bbox 1895 1461 2073 1551; x_wconf 70' lang='lat' dir='ltr'><strong>gunemar-</strong></span> 
     </span>
     <span class='ocr_line' id='line_1_12' title="bbox 50 1547 2072 1645; baseline 0.005 -19"><span class='ocrx_word' id='word_1_131' title='bbox 50 1553 113 1641; x_wconf 75' lang='lat' dir='ltr'><strong>dit,</strong></span> <span class='ocrx_word' id='word_1_132' title='bbox 132 1555 313 1624; x_wconf 78' lang='lat' dir='ltr'><strong>rincuimn</strong></span> <span class='ocrx_word' id='word_1_133' title='bbox 329 1551 534 1628; x_wconf 77' lang='lat' dir='ltr'><strong>dilentienis</strong></span> <span class='ocrx_word' id='word_1_134' title='bbox 554 1547 836 1628; x_wconf 73' lang='lat' dir='ltr'><strong>nPat&#39;tlororara&#39;</strong></span> <span class='ocrx_word' id='word_1_135' title='bbox 852 1552 1024 1625; x_wconf 74' lang='lat' dir='ltr'><strong>obedien-</strong></span> <span class='ocrx_word' id='word_1_136' title='bbox 1078 1551 1186 1628; x_wconf 84' lang='lat' dir='ltr'><strong>tionis</strong></span> <span class='ocrx_word' id='word_1_137' title='bbox 1217 1565 1252 1624; x_wconf 89' lang='lat' dir='ltr'><strong>et</strong></span> <span class='ocrx_word' id='word_1_138' title='bbox 1278 1551 1507 1643; x_wconf 83' lang='lat' dir='ltr'><strong>disciplinae,</strong></span> <span class='ocrx_word' id='word_1_139' title='bbox 1551 1567 1584 1624; x_wconf 90' lang='lat' dir='ltr'><strong>et</strong></span> <span class='ocrx_word' id='word_1_140' title='bbox 1613 1555 1816 1645; x_wconf 77' lang='lat' dir='ltr'><strong>colligentes</strong></span> <span class='ocrx_word' id='word_1_141' title='bbox 1847 1557 2072 1636; x_wconf 87' lang='lat' dir='ltr'><strong>incommoda</strong></span> 
     </span>
     <span class='ocr_line' id='line_1_13' title="bbox 50 1649 2082 1754; baseline 0.006 -31"><span class='ocrx_word' id='word_1_142' title='bbox 50 1657 125 1727; x_wconf 80' lang='lat' dir='ltr'><strong>tiam</strong></span> <span class='ocrx_word' id='word_1_143' title='bbox 135 1655 378 1748; x_wconf 66' lang='lat' dir='ltr'><strong>maedandmu</strong></span> <span class='ocrx_word' id='word_1_144' title='bbox 393 1649 581 1744; x_wconf 80' lang='lat' dir='ltr'><strong>Episcopis</strong></span> <span class='ocrx_word' id='word_1_145' title='bbox 601 1653 783 1729; x_wconf 81' lang='lat' dir='ltr'><strong>ordinaria</strong></span> <span class='ocrx_word' id='word_1_146' title='bbox 804 1653 1024 1726; x_wconf 74' lang='lat' dir='ltr'><strong>successione</strong></span> <span class='ocrx_word' id='word_1_147' title='bbox 1077 1675 1169 1746; x_wconf 78' lang='lat' dir='ltr'><strong>qnae</strong></span> <span class='ocrx_word' id='word_1_148' title='bbox 1192 1665 1406 1746; x_wconf 69' lang='lat' dir='ltr'><strong>mouentur,</strong></span> <span class='ocrx_word' id='word_1_149' title='bbox 1438 1654 1469 1726; x_wconf 89' lang='lat' dir='ltr'><strong>si</strong></span> <span class='ocrx_word' id='word_1_150' title='bbox 1490 1655 1586 1744; x_wconf 78' lang='lat' dir='ltr'><strong>leges</strong></span> <span class='ocrx_word' id='word_1_151' title='bbox 1605 1651 1873 1751; x_wconf 81' lang='lat' dir='ltr'><strong>Episcoporum</strong></span> <span class='ocrx_word' id='word_1_152' title='bbox 1889 1663 2082 1754; x_wconf 72' lang='lat' dir='ltr'><strong>negligam-⁸</strong></span> 
     </span>
     <span class='ocr_line' id='line_1_14' title="bbox 8 1750 2070 1854; baseline 0.005 -28"><span class='ocrx_word' id='word_1_153' title='bbox 8 1769 10 1776; x_wconf 89' lang='lat'>&#39;</span> <span class='ocrx_word' id='word_1_154' title='bbox 51 1755 278 1848; x_wconf 74' lang='lat' dir='ltr'><strong>mgnmtibns,</strong></span> <span class='ocrx_word' id='word_1_155' title='bbox 295 1769 333 1828; x_wconf 83' lang='lat' dir='ltr'><strong>ct</strong></span> <span class='ocrx_word' id='word_1_156' title='bbox 359 1776 483 1826; x_wconf 86' lang='lat' dir='ltr'><strong>eorum</strong></span> <span class='ocrx_word' id='word_1_157' title='bbox 510 1755 659 1844; x_wconf 78' lang='lat' dir='ltr'><strong>legibus.</strong></span> <span class='ocrx_word' id='word_1_158' title='bbox 724 1754 837 1846; x_wconf 77' lang='lat' dir='ltr'><strong>Negat</strong></span> <span class='ocrx_word' id='word_1_159' title='bbox 857 1777 932 1848; x_wconf 87' lang='lat' dir='ltr'><strong>esse</strong></span> <span class='ocrx_word' id='word_1_160' title='bbox 952 1750 1026 1826; x_wconf 80' lang='lat' dir='ltr'><strong>Ec·</strong></span> <span class='ocrx_word' id='word_1_161' title='bbox 1076 1768 1156 1835; x_wconf 88' lang='lat' dir='ltr'><strong>tur,</strong></span> <span class='ocrx_word' id='word_1_162' title='bbox 1188 1753 1217 1822; x_wconf 89' lang='lat' dir='ltr'><strong>si</strong></span> <span class='ocrx_word' id='word_1_163' title='bbox 1244 1775 1317 1824; x_wconf 89' lang='lat' dir='ltr'><strong>non</strong></span> <span class='ocrx_word' id='word_1_164' title='bbox 1340 1770 1522 1826; x_wconf 87' lang='lat' dir='ltr'><strong>coerceant</strong></span> <span class='ocrx_word' id='word_1_165' title='bbox 1542 1752 1712 1847; x_wconf 79' lang='lat' dir='ltr'>Episcopi</span> <span class='ocrx_word' id='word_1_166' title='bbox 1733 1758 1875 1830; x_wconf 90' lang='lat' dir='ltr'><strong>iudiciis</strong></span> <span class='ocrx_word' id='word_1_167' title='bbox 1897 1777 1929 1832; x_wconf 88' lang='lat' dir='ltr'><strong>et</strong></span> <span class='ocrx_word' id='word_1_168' title='bbox 1945 1768 2070 1854; x_wconf 81' lang='lat' dir='ltr'><strong>poenis</strong></span> 
     </span>
     <span class='ocr_line' id='line_1_15' title="bbox 51 1851 2075 1950; baseline 0.006 -22"><span class='ocrx_word' id='word_1_169' title='bbox 51 1859 183 1942; x_wconf 76' lang='lat' dir='ltr'><strong>duim,</strong></span> <span class='ocrx_word' id='word_1_170' title='bbox 204 1869 348 1930; x_wconf 81' lang='lat' dir='ltr'><strong>nonnam</strong></span> <span class='ocrx_word' id='word_1_171' title='bbox 364 1879 439 1946; x_wconf 80' lang='lat' dir='ltr'><strong>non</strong></span> <span class='ocrx_word' id='word_1_172' title='bbox 457 1857 760 1950; x_wconf 85' lang='lat' dir='ltr'><strong>obtemperantem</strong></span> <span class='ocrx_word' id='word_1_173' title='bbox 775 1853 860 1928; x_wconf 88' lang='lat' dir='ltr'><strong>huic</strong></span> <span class='ocrx_word' id='word_1_174' title='bbox 874 1853 1026 1926; x_wconf 83' lang='lat' dir='ltr'><strong>Monar-</strong></span> <span class='ocrx_word' id='word_1_175' title='bbox 1075 1851 1331 1926; x_wconf 82' lang='lat' dir='ltr'><strong>Ecclesiasticis</strong></span> <span class='ocrx_word' id='word_1_176' title='bbox 1360 1851 1552 1928; x_wconf 88' lang='lat' dir='ltr'><strong>hominum</strong></span> <span class='ocrx_word' id='word_1_177' title='bbox 1570 1859 1821 1950; x_wconf 76' lang='lat' dir='ltr'><strong>petulantiam,</strong></span> <span class='ocrx_word' id='word_1_178' title='bbox 1857 1877 1975 1938; x_wconf 88' lang='lat' dir='ltr'><strong>tamen</strong></span> <span class='ocrx_word' id='word_1_179' title='bbox 2000 1863 2075 1940; x_wconf 89' lang='lat' dir='ltr'><strong>ho··</strong></span> 
     </span>
    </p>
   </div>
   <div class='ocr_carea' id='block_1_3' title="bbox 49 1955 2218 2052">
    <p class='ocr_par' dir='ltr' id='par_1_4' title="bbox 49 1955 2218 2052">
     <span class='ocr_line' id='line_1_16' title="bbox 49 1955 2218 2052; baseline 0.006 -22"><span class='ocrx_word' id='word_1_180' title='bbox 49 1955 531 2032; x_wconf 67' lang='lat' dir='ltr'><strong>ememeaetcrisncdinaria</strong></span> <span class='ocrx_word' id='word_1_181' title='bbox 552 1958 771 2031; x_wconf 74' lang='lat' dir='ltr'>successione</span> <span class='ocrx_word' id='word_1_182' title='bbox 782 1958 1026 2049; x_wconf 72' lang='lat' dir='ltr'><strong>regnantibus,</strong></span> <span class='ocrx_word' id='word_1_183' title='bbox 1075 1957 1270 2028; x_wconf 80' lang='lat' dir='ltr'><strong>merissime</strong></span> <span class='ocrx_word' id='word_1_184' title='bbox 1294 1978 1431 2052; x_wconf 83' lang='lat' dir='ltr'><strong>semper</strong></span> <span class='ocrx_word' id='word_1_185' title='bbox 1456 1972 1490 2030; x_wconf 88' lang='lat' dir='ltr'><strong>et</strong></span> <span class='ocrx_word' id='word_1_186' title='bbox 1513 1959 1738 2047; x_wconf 73' lang='lat' dir='ltr'><strong>gravisnrne,</strong></span> <span class='ocrx_word' id='word_1_187' title='bbox 1763 1975 1796 2032; x_wconf 87' lang='lat' dir='ltr'><strong>et</strong></span> <span class='ocrx_word' id='word_1_188' title='bbox 1819 1966 1943 2034; x_wconf 85' lang='lat' dir='ltr'><strong>eodem</strong></span> <span class='ocrx_word' id='word_1_189' title='bbox 1960 1973 2068 2052; x_wconf 61' lang='lat' dir='ltr'><strong>mendo</strong></span> <span class='ocrx_word' id='word_1_190' title='bbox 2214 2035 2218 2044; x_wconf 89' lang='lat'>.</span> 
     </span>
    </p>
   </div>
   <div class='ocr_carea' id='block_1_4' title="bbox 8 2054 2111 5672">
    <p class='ocr_par' dir='ltr' id='par_1_5' title="bbox 8 2054 2111 5672">
     <span class='ocr_line' id='line_1_17' title="bbox 49 2054 2068 2154; baseline 0.006 -23"><span class='ocrx_word' id='word_1_191' title='bbox 49 2074 137 2152; x_wconf 58' lang='lat' dir='ltr'><strong>meat</strong></span> <span class='ocrx_word' id='word_1_192' title='bbox 157 2083 231 2132; x_wconf 84' lang='lat' dir='ltr'><strong>esre</strong></span> <span class='ocrx_word' id='word_1_193' title='bbox 258 2059 500 2132; x_wconf 72' lang='lat' dir='ltr'><strong>ministremus</strong></span> <span class='ocrx_word' id='word_1_194' title='bbox 522 2054 713 2148; x_wconf 69' lang='lat' dir='ltr'><strong>Evangelii</strong></span> <span class='ocrx_word' id='word_1_195' title='bbox 736 2075 773 2134; x_wconf 87' lang='lat' dir='ltr'><strong>et</strong></span> <span class='ocrx_word' id='word_1_196' title='bbox 805 2059 1024 2133; x_wconf 81' lang='lat' dir='ltr'><strong>remissionis</strong></span> <span class='ocrx_word' id='word_1_197' title='bbox 1076 2059 1343 2152; x_wconf 72' lang='lat' dir='ltr'><strong>respondimus,</strong></span> <span class='ocrx_word' id='word_1_198' title='bbox 1376 2083 1451 2130; x_wconf 84' lang='lat' dir='ltr'><strong>aon</strong></span> <span class='ocrx_word' id='word_1_199' title='bbox 1474 2061 1676 2150; x_wconf 73' lang='lat' dir='ltr'><strong>belligerari</strong></span> <span class='ocrx_word' id='word_1_200' title='bbox 1696 2085 1761 2134; x_wconf 88' lang='lat' dir='ltr'><strong>nos</strong></span> <span class='ocrx_word' id='word_1_201' title='bbox 1777 2089 1871 2151; x_wconf 50' lang='lat' dir='ltr'><strong>‚cum</strong></span> <span class='ocrx_word' id='word_1_202' title='bbox 1892 2063 2068 2154; x_wconf 83' lang='lat' dir='ltr'><strong>Ecclesia-</strong></span> 
     </span>
     <span class='ocr_line' id='line_1_18' title="bbox 34 2159 2068 2258; baseline -0 -27"><span class='ocrx_word' id='word_1_203' title='bbox 34 2169 276 2256; x_wconf 44' lang='lat' dir='ltr'><strong>‚prumam</strong></span> <span class='ocrx_word' id='word_1_204' title='bbox 307 2160 741 2235; x_wconf 78' lang='lat' dir='ltr'><strong>elne-amonitatetallum</strong></span> <span class='ocrx_word' id='word_1_205' title='bbox 761 2159 1023 2254; x_wconf 62' lang='lat' dir='ltr'><strong>Epkcoporum</strong></span> <span class='ocrx_word' id='word_1_206' title='bbox 1075 2160 1335 2251; x_wconf 74' lang='lat' dir='ltr'><strong>sticapolite&#39;a..</strong></span> <span class='ocrx_word' id='word_1_207' title='bbox 1376 2159 1449 2234; x_wconf 87' lang='lat' dir='ltr'><strong>Sed</strong></span> <span class='ocrx_word' id='word_1_208' title='bbox 1469 2159 1735 2258; x_wconf 84' lang='lat' dir='ltr'><strong>cnmEpiscopi</strong></span> <span class='ocrx_word' id='word_1_209' title='bbox 1750 2165 1923 2241; x_wconf 84' lang='lat' dir='ltr'><strong>sinceram</strong></span> <span class='ocrx_word' id='word_1_210' title='bbox 1946 2166 2068 2244; x_wconf 80' lang='lat' dir='ltr'><strong>Esau.</strong></span> 
     </span>
     <span class='ocr_line' id='line_1_19' title="bbox 49 2259 2072 2358; baseline 0.003 -24"><span class='ocrx_word' id='word_1_211' title='bbox 49 2263 209 2334; x_wconf 83' lang='lat' dir='ltr'><strong>mdinuia</strong></span> <span class='ocrx_word' id='word_1_212' title='bbox 222 2262 450 2334; x_wconf 77' lang='lat' dir='ltr'><strong>scmcmsinne</strong></span> <span class='ocrx_word' id='word_1_213' title='bbox 459 2261 694 2352; x_wconf 70' lang='lat' dir='ltr'><strong>regnantium.</strong></span> <span class='ocrx_word' id='word_1_214' title='bbox 723 2261 822 2336; x_wconf 86' lang='lat' dir='ltr'><strong>Haec</strong></span> <span class='ocrx_word' id='word_1_215' title='bbox 838 2259 1026 2358; x_wconf 84' lang='lat' dir='ltr'><strong>estispop-</strong></span> <span class='ocrx_word' id='word_1_216' title='bbox 1073 2261 1160 2351; x_wconf 77' lang='lat' dir='ltr'><strong>gelii</strong></span> <span class='ocrx_word' id='word_1_217' title='bbox 1179 2261 1379 2332; x_wconf 71' lang='lat' dir='ltr'>doctrinam</span> <span class='ocrx_word' id='word_1_218' title='bbox 1401 2262 1627 2353; x_wconf 81' lang='lat' dir='ltr'><strong>improbent,</strong></span> <span class='ocrx_word' id='word_1_219' title='bbox 1657 2289 1739 2336; x_wconf 89' lang='lat' dir='ltr'><strong>cum</strong></span> <span class='ocrx_word' id='word_1_220' title='bbox 1763 2267 1977 2344; x_wconf 74' lang='lat' dir='ltr'><strong>interfluant</strong></span> <span class='ocrx_word' id='word_1_221' title='bbox 1998 2299 2072 2344; x_wconf 83' lang='lat' dir='ltr'><strong>uo·-</strong></span> 
     </span>
     <span class='ocr_line' id='line_1_20' title="bbox 47 2360 2067 2459; baseline 0.005 -24"><span class='ocrx_word' id='word_1_222' title='bbox 47 2362 113 2458; x_wconf 78' lang='grc' dir='ltr'><strong><em>χία,</em></strong></span> <span class='ocrx_word' id='word_1_223' title='bbox 136 2389 241 2459; x_wconf 77' lang='lat' dir='ltr'><strong>qum</strong></span> <span class='ocrx_word' id='word_1_224' title='bbox 268 2363 401 2455; x_wconf 72' lang='lat' dir='ltr'><strong>pingit,</strong></span> <span class='ocrx_word' id='word_1_225' title='bbox 426 2363 662 2452; x_wconf 74' lang='lat' dir='ltr'><strong>etiostigium</strong></span> <span class='ocrx_word' id='word_1_226' title='bbox 687 2361 884 2448; x_wconf 73' lang='lat' dir='ltr'><strong>Ecclesiae,</strong></span> <span class='ocrx_word' id='word_1_227' title='bbox 916 2387 1024 2456; x_wconf 84' lang='lat' dir='ltr'><strong>quam</strong></span> <span class='ocrx_word' id='word_1_228' title='bbox 1075 2375 1167 2436; x_wconf 87' lang='lat' dir='ltr'><strong>stros</strong></span> <span class='ocrx_word' id='word_1_229' title='bbox 1188 2361 1410 2448; x_wconf 76' lang='lat' dir='ltr'><strong>Sacerdotes,</strong></span> <span class='ocrx_word' id='word_1_230' title='bbox 1449 2360 1612 2439; x_wconf 86' lang='lat' dir='ltr'><strong>homines</strong></span> <span class='ocrx_word' id='word_1_231' title='bbox 1634 2365 1720 2456; x_wconf 87' lang='lat' dir='ltr'><strong>pios·</strong></span> <span class='ocrx_word' id='word_1_232' title='bbox 1739 2380 1775 2438; x_wconf 91' lang='lat' dir='ltr'><strong>et</strong></span> <span class='ocrx_word' id='word_1_233' title='bbox 1797 2371 1973 2458; x_wconf 89' lang='lat' dir='ltr'><strong>eruditos,</strong></span> <span class='ocrx_word' id='word_1_234' title='bbox 2005 2401 2067 2446; x_wconf 86' lang='lat' dir='ltr'><strong>ua-</strong></span> 
     </span>
     <span class='ocr_line' id='line_1_21' title="bbox 48 2461 2068 2562; baseline 0.001 -26"><span class='ocrx_word' id='word_1_235' title='bbox 48 2467 169 2540; x_wconf 73' lang='lat' dir='ltr'><strong>auoit.</strong></span> <span class='ocrx_word' id='word_1_236' title='bbox 216 2463 328 2536; x_wconf 78' lang='lat' dir='ltr'><strong>Etut</strong></span> <span class='ocrx_word' id='word_1_237' title='bbox 341 2462 487 2554; x_wconf 78' lang='lat' dir='ltr'><strong>Virgilii</strong></span> <span class='ocrx_word' id='word_1_238' title='bbox 500 2464 617 2538; x_wconf 83' lang='lat' dir='ltr'><strong>verbis</strong></span> <span class='ocrx_word' id='word_1_239' title='bbox 633 2476 731 2536; x_wconf 82' lang='lat' dir='ltr'><strong>utar:</strong></span> <span class='ocrx_word' id='word_1_240' title='bbox 760 2463 830 2536; x_wconf 89' lang='lat' dir='ltr'><strong>Hic</strong></span> <span class='ocrx_word' id='word_1_241' title='bbox 845 2467 948 2536; x_wconf 87' lang='lat' dir='ltr'><strong>labor</strong></span> <span class='ocrx_word' id='word_1_242' title='bbox 963 2463 1025 2532; x_wconf 92' lang='lat' dir='ltr'><strong>ille</strong></span> <span class='ocrx_word' id='word_1_243' title='bbox 1076 2485 1168 2534; x_wconf 89' lang='lat' dir='ltr'><strong>cesse</strong></span> <span class='ocrx_word' id='word_1_244' title='bbox 1191 2477 1245 2536; x_wconf 88' lang='lat' dir='ltr'><strong>est</strong></span> <span class='ocrx_word' id='word_1_245' title='bbox 1267 2487 1334 2534; x_wconf 92' lang='lat' dir='ltr'><strong>nos</strong></span> <span class='ocrx_word' id='word_1_246' title='bbox 1358 2461 1516 2554; x_wconf 72' lang='lat' dir='ltr'><strong>Regulos</strong></span> <span class='ocrx_word' id='word_1_247' title='bbox 1537 2463 1709 2541; x_wconf 81' lang='lat' dir='ltr'><strong>Paulinae</strong></span> <span class='ocrx_word' id='word_1_248' title='bbox 1730 2469 1988 2562; x_wconf 78' lang='lat' dir='ltr'><strong>obtemperare:</strong></span> <span class='ocrx_word' id='word_1_249' title='bbox 2027 2478 2068 2549; x_wconf 81' lang='lat' dir='ltr'><strong>si</strong></span> 
     </span>
     <span class='ocr_line' id='line_1_22' title="bbox 49 2561 2069 2657; baseline 0.004 -19"><span class='ocrx_word' id='word_1_250' title='bbox 49 2571 175 2652; x_wconf 82' lang='lat' dir='ltr'><strong>domas,</strong></span> <span class='ocrx_word' id='word_1_251' title='bbox 204 2581 246 2638; x_wconf 85' lang='lat' dir='ltr'><strong>et</strong></span> <span class='ocrx_word' id='word_1_252' title='bbox 269 2565 526 2638; x_wconf 67' lang='lat' dir='ltr'><strong>inextrkobilis</strong></span> <span class='ocrx_word' id='word_1_253' title='bbox 554 2587 663 2639; x_wconf 86' lang='lat' dir='ltr'><strong>error.</strong></span> <span class='ocrx_word' id='word_1_254' title='bbox 714 2562 758 2636; x_wconf 88' lang='lat' dir='ltr'><strong>ln</strong></span> <span class='ocrx_word' id='word_1_255' title='bbox 779 2561 873 2638; x_wconf 86' lang='lat' dir='ltr'><strong>hanc</strong></span> <span class='ocrx_word' id='word_1_256' title='bbox 894 2567 1024 2636; x_wconf 85' lang='lat' dir='ltr'><strong>daeda-</strong></span> <span class='ocrx_word' id='word_1_257' title='bbox 1075 2565 1156 2657; x_wconf 85' lang='lat' dir='ltr'><strong>quis</strong></span> <span class='ocrx_word' id='word_1_258' title='bbox 1168 2565 1268 2636; x_wconf 87' lang='lat' dir='ltr'><strong>aliud</strong></span> <span class='ocrx_word' id='word_1_259' title='bbox 1283 2563 1521 2655; x_wconf 82' lang='lat' dir='ltr'><strong>Evangelinm</strong></span> <span class='ocrx_word' id='word_1_260' title='bbox 1536 2567 1652 2652; x_wconf 79' lang='lat' dir='ltr'><strong>docet,</strong></span> <span class='ocrx_word' id='word_1_261' title='bbox 1673 2565 1859 2644; x_wconf 85' lang='lat' dir='ltr'><strong>anathema</strong></span> <span class='ocrx_word' id='word_1_262' title='bbox 1872 2575 1929 2648; x_wconf 89' lang='lat' dir='ltr'><strong>sit.</strong></span> <span class='ocrx_word' id='word_1_263' title='bbox 1953 2573 2069 2648; x_wconf 86' lang='lat' dir='ltr'><strong>Dein-</strong></span> 
     </span>
     <span class='ocr_line' id='line_1_23' title="bbox 52 2666 2070 2760; baseline 0.001 -20"><span class='ocrx_word' id='word_1_264' title='bbox 52 2669 300 2740; x_wconf 73' lang='lat' dir='ltr'><strong>munnam</strong></span> <span class='ocrx_word' id='word_1_265' title='bbox 321 2667 662 2748; x_wconf 69' lang='lat' dir='ltr'><strong>introduceremus,</strong></span> <span class='ocrx_word' id='word_1_266' title='bbox 696 2668 786 2760; x_wconf 85' lang='lat' dir='ltr'><strong>qnid</strong></span> <span class='ocrx_word' id='word_1_267' title='bbox 811 2681 885 2740; x_wconf 88' lang='lat' dir='ltr'><strong>erat</strong></span> <span class='ocrx_word' id='word_1_268' title='bbox 912 2667 1023 2752; x_wconf 88' lang='lat' dir='ltr'><strong>aliod,</strong></span> <span class='ocrx_word' id='word_1_269' title='bbox 1075 2668 1120 2742; x_wconf 88' lang='lat' dir='ltr'><strong>de</strong></span> <span class='ocrx_word' id='word_1_270' title='bbox 1139 2667 1225 2759; x_wconf 88' lang='lat' dir='ltr'><strong>quid</strong></span> <span class='ocrx_word' id='word_1_271' title='bbox 1244 2668 1288 2736; x_wconf 89' lang='lat' dir='ltr'><strong>de</strong></span> <span class='ocrx_word' id='word_1_272' title='bbox 1303 2666 1445 2738; x_wconf 91' lang='lat' dir='ltr'><strong>iudiciis</strong></span> <span class='ocrx_word' id='word_1_273' title='bbox 1461 2680 1496 2740; x_wconf 89' lang='lat' dir='ltr'><strong>et</strong></span> <span class='ocrx_word' id='word_1_274' title='bbox 1514 2669 1676 2746; x_wconf 86' lang='lat' dir='ltr'><strong>moribus</strong></span> <span class='ocrx_word' id='word_1_275' title='bbox 1698 2693 1795 2744; x_wconf 84' lang='lat' dir='ltr'><strong>nuuc</strong></span> <span class='ocrx_word' id='word_1_276' title='bbox 1816 2674 2070 2752; x_wconf 77' lang='lat' dir='ltr'><strong>declamitant?¹</strong></span> 
     </span>
     <span class='ocr_line' id='line_1_24' title="bbox 49 2763 2068 2868; baseline 0.005 -27"><span class='ocrx_word' id='word_1_277' title='bbox 49 2791 139 2864; x_wconf 72' lang='lat' dir='ltr'><strong>mma</strong></span> <span class='ocrx_word' id='word_1_278' title='bbox 152 2768 669 2868; x_wconf 70' lang='lat' dir='ltr'><strong>postularamnlirmccionem</strong></span> <span class='ocrx_word' id='word_1_279' title='bbox 686 2785 857 2841; x_wconf 79' lang='lat' dir='ltr'><strong>errorum·</strong></span> <span class='ocrx_word' id='word_1_280' title='bbox 873 2766 1024 2840; x_wconf 74' lang='lat' dir='ltr'><strong>Ponuo</strong></span> <span class='ocrx_word' id='word_1_281' title='bbox 1076 2765 1175 2856; x_wconf 83' lang='lat' dir='ltr'><strong>Quas</strong></span> <span class='ocrx_word' id='word_1_282' title='bbox 1188 2767 1353 2861; x_wconf 78' lang='lat' dir='ltr'><strong>Synodos</strong></span> <span class='ocrx_word' id='word_1_283' title='bbox 1367 2763 1500 2864; x_wconf 75' lang='lat' dir='ltr'><strong>halaam</strong></span> <span class='ocrx_word' id='word_1_284' title='bbox 1515 2770 1652 2868; x_wconf 67' lang='lat' dir='ltr'><strong>tetiam</strong></span> <span class='ocrx_word' id='word_1_285' title='bbox 1667 2772 1793 2848; x_wconf 78' lang='lat' dir='ltr'><strong>seculis</strong></span> <span class='ocrx_word' id='word_1_286' title='bbox 1814 2777 1859 2845; x_wconf 91' lang='lat' dir='ltr'><strong>de</strong></span> <span class='ocrx_word' id='word_1_287' title='bbox 1880 2777 2068 2853; x_wconf 78' lang='lat' dir='ltr'><strong>doctrina?</strong></span> 
     </span>
     <span class='ocr_line' id='line_1_25' title="bbox 49 2865 2066 2962; baseline 0.005 -22"><span class='ocrx_word' id='word_1_288' title='bbox 49 2871 186 2958; x_wconf 72' lang='lat' dir='ltr'><strong>cirum,</strong></span> <span class='ocrx_word' id='word_1_289' title='bbox 208 2885 251 2942; x_wconf 84' lang='lat' dir='ltr'><strong>et</strong></span> <span class='ocrx_word' id='word_1_290' title='bbox 269 2870 604 2942; x_wconf 75' lang='lat' dir='ltr'><strong>onndmnsationcm</strong></span> <span class='ocrx_word' id='word_1_291' title='bbox 626 2881 830 2942; x_wconf 81' lang='lat' dir='ltr'><strong>nostrarum</strong></span> <span class='ocrx_word' id='word_1_292' title='bbox 848 2865 1024 2943; x_wconf 85' lang='lat' dir='ltr'><strong>Ecclesia-</strong></span> <span class='ocrx_word' id='word_1_293' title='bbox 1077 2867 1531 2962; x_wconf 84' lang='lat' dir='ltr'><strong>Quandoconceduntpiis</strong></span> <span class='ocrx_word' id='word_1_294' title='bbox 1549 2883 1586 2940; x_wconf 90' lang='lat' dir='ltr'><strong>et</strong></span> <span class='ocrx_word' id='word_1_295' title='bbox 1599 2872 1713 2946; x_wconf 89' lang='lat' dir='ltr'><strong>doctis</strong></span> <span class='ocrx_word' id='word_1_296' title='bbox 1728 2873 2066 2955; x_wconf 68' lang='lat' dir='ltr'><strong>Iusiurandum.</strong></span> 
     </span>
     <span class='ocr_line' id='line_1_26' title="bbox 48 2967 2068 3067; baseline 0.002 -25"><span class='ocrx_word' id='word_1_297' title='bbox 48 2994 134 3058; x_wconf 91' lang='lat' dir='ltr'><strong>rom,</strong></span> <span class='ocrx_word' id='word_1_298' title='bbox 162 2973 201 3044; x_wconf 91' lang='lat' dir='ltr'><strong>in</strong></span> <span class='ocrx_word' id='word_1_299' title='bbox 222 2973 357 3067; x_wconf 81' lang='lat' dir='ltr'><strong>quibus</strong></span> <span class='ocrx_word' id='word_1_300' title='bbox 377 2995 468 3044; x_wconf 84' lang='lat' dir='ltr'><strong>cum</strong></span> <span class='ocrx_word' id='word_1_301' title='bbox 485 2971 600 3047; x_wconf 84' lang='lat' dir='ltr'><strong>luccat</strong></span> <span class='ocrx_word' id='word_1_302' title='bbox 621 2993 705 3044; x_wconf 80' lang='lat' dir='ltr'><strong>rere</strong></span> <span class='ocrx_word' id='word_1_303' title='bbox 725 2971 887 3044; x_wconf 85' lang='lat' dir='ltr'><strong>doctrina</strong></span> <span class='ocrx_word' id='word_1_304' title='bbox 902 2967 1024 3044; x_wconf 84' lang='lat' dir='ltr'><strong>Eran-</strong></span> <span class='ocrx_word' id='word_1_305' title='bbox 1075 2971 1141 3062; x_wconf 82' lang='lat' dir='ltr'><strong>dae</strong></span> <span class='ocrx_word' id='word_1_306' title='bbox 1162 2969 1383 3042; x_wconf 83' lang='lat' dir='ltr'><strong>sententiae?</strong></span> <span class='ocrx_word' id='word_1_307' title='bbox 1433 2969 1535 3060; x_wconf 84' lang='lat' dir='ltr'><strong>Quae</strong></span> <span class='ocrx_word' id='word_1_308' title='bbox 1556 2971 1688 3045; x_wconf 88' lang='lat' dir='ltr'><strong>iudicia</strong></span> <span class='ocrx_word' id='word_1_309' title='bbox 1710 2989 1875 3052; x_wconf 72' lang='lat' dir='ltr'><strong>exertam</strong></span> <span class='ocrx_word' id='word_1_310' title='bbox 1894 2981 1939 3050; x_wconf 84' lang='lat' dir='ltr'><strong>de</strong></span> <span class='ocrx_word' id='word_1_311' title='bbox 1955 2985 2068 3056; x_wconf 60' lang='lat' dir='ltr'><strong>morta</strong></span> 
     </span>
     <span class='ocr_line' id='line_1_27' title="bbox 48 3069 2067 3166; baseline 0.006 -22"><span class='ocrx_word' id='word_1_312' title='bbox 48 3073 134 3160; x_wconf 72' lang='lat' dir='ltr'><strong>aelii,</strong></span> <span class='ocrx_word' id='word_1_313' title='bbox 155 3088 293 3146; x_wconf 75' lang='lat' dir='ltr'><strong>emnam</strong></span> <span class='ocrx_word' id='word_1_314' title='bbox 306 3086 358 3146; x_wconf 89' lang='lat' dir='ltr'><strong>est</strong></span> <span class='ocrx_word' id='word_1_315' title='bbox 372 3093 430 3144; x_wconf 88' lang='lat' dir='ltr'><strong>eas</strong></span> <span class='ocrx_word' id='word_1_316' title='bbox 452 3083 626 3144; x_wconf 70' lang='lat' dir='ltr'><strong>murum</strong></span> <span class='ocrx_word' id='word_1_317' title='bbox 646 3095 719 3144; x_wconf 84' lang='lat' dir='ltr'><strong>esse</strong></span> <span class='ocrx_word' id='word_1_318' title='bbox 740 3095 846 3166; x_wconf 88' lang='lat' dir='ltr'><strong>super</strong></span> <span class='ocrx_word' id='word_1_319' title='bbox 869 3073 1024 3164; x_wconf 82' lang='lat' dir='ltr'><strong>lapidem</strong></span> <span class='ocrx_word' id='word_1_320' title='bbox 1075 3069 1167 3142; x_wconf 81' lang='lat' dir='ltr'><strong>husi</strong></span> <span class='ocrx_word' id='word_1_321' title='bbox 1217 3069 1350 3160; x_wconf 86' lang='lat' dir='ltr'><strong>Quales</strong></span> <span class='ocrx_word' id='word_1_322' title='bbox 1372 3084 1457 3157; x_wconf 82' lang='lat' dir='ltr'><strong>sunt</strong></span> <span class='ocrx_word' id='word_1_323' title='bbox 1484 3073 1523 3142; x_wconf 92' lang='lat' dir='ltr'><strong>in</strong></span> <span class='ocrx_word' id='word_1_324' title='bbox 1544 3073 1704 3161; x_wconf 81' lang='lat' dir='ltr'><strong>collegiis</strong></span> <span class='ocrx_word' id='word_1_325' title='bbox 1728 3099 1845 3148; x_wconf 87' lang='lat' dir='ltr'><strong>mares</strong></span> <span class='ocrx_word' id='word_1_326' title='bbox 1866 3075 2067 3156; x_wconf 82' lang='lat' dir='ltr'><strong>Canenico-</strong></span> 
     </span>
     <span class='ocr_line' id='line_1_28' title="bbox 48 3171 2071 3266; baseline 0.007 -22"><span class='ocrx_word' id='word_1_327' title='bbox 48 3177 257 3264; x_wconf 76' lang='lat' dir='ltr'><strong>angularem,</strong></span> <span class='ocrx_word' id='word_1_328' title='bbox 291 3173 426 3246; x_wconf 83' lang='lat' dir='ltr'><strong>Filium</strong></span> <span class='ocrx_word' id='word_1_329' title='bbox 449 3171 538 3260; x_wconf 88' lang='lat' dir='ltr'><strong>Dei,</strong></span> <span class='ocrx_word' id='word_1_330' title='bbox 569 3185 605 3248; x_wconf 82' lang='lat' dir='ltr'><strong>st</strong></span> <span class='ocrx_word' id='word_1_331' title='bbox 631 3173 824 3248; x_wconf 83' lang='lat' dir='ltr'><strong>ntPaulus</strong></span> <span class='ocrx_word' id='word_1_332' title='bbox 854 3172 1025 3266; x_wconf 88' lang='lat' dir='ltr'><strong>loquitur,</strong></span> <span class='ocrx_word' id='word_1_333' title='bbox 1075 3173 1182 3250; x_wconf 79' lang='lat' dir='ltr'><strong>rum?</strong></span> <span class='ocrx_word' id='word_1_334' title='bbox 1203 3195 1269 3244; x_wconf 86' lang='lat' dir='ltr'><strong>cur</strong></span> <span class='ocrx_word' id='word_1_335' title='bbox 1283 3171 1336 3242; x_wconf 92' lang='lat' dir='ltr'><strong>ibi</strong></span> <span class='ocrx_word' id='word_1_336' title='bbox 1351 3172 1457 3244; x_wconf 89' lang='lat' dir='ltr'><strong>silent</strong></span> <span class='ocrx_word' id='word_1_337' title='bbox 1471 3173 1628 3265; x_wconf 91' lang='lat' dir='ltr'><strong>ipsorum</strong></span> <span class='ocrx_word' id='word_1_338' title='bbox 1642 3177 1784 3266; x_wconf 62' lang='lat' dir='ltr'><strong>lepeset</strong></span> <span class='ocrx_word' id='word_1_339' title='bbox 1800 3177 1956 3254; x_wconf 82' lang='lat' dir='ltr'><strong>iudicia?</strong></span> <span class='ocrx_word' id='word_1_340' title='bbox 1994 3186 2071 3258; x_wconf 88' lang='lat' dir='ltr'><strong>Sed·</strong></span> 
     </span>
     <span class='ocr_line' id='line_1_29' title="bbox 48 3270 2064 3368; baseline 0.005 -22"><span class='ocrx_word' id='word_1_341' title='bbox 48 3297 135 3368; x_wconf 82' lang='lat' dir='ltr'><strong>snpra</strong></span> <span class='ocrx_word' id='word_1_342' title='bbox 154 3277 431 3348; x_wconf 83' lang='lat' dir='ltr'><strong>fundamentum</strong></span> <span class='ocrx_word' id='word_1_343' title='bbox 455 3273 730 3368; x_wconf 74' lang='lat' dir='ltr'><strong>Apostolorum,</strong></span> <span class='ocrx_word' id='word_1_344' title='bbox 756 3289 791 3348; x_wconf 90' lang='lat' dir='ltr'><strong>et</strong></span> <span class='ocrx_word' id='word_1_345' title='bbox 812 3297 886 3346; x_wconf 89' lang='lat' dir='ltr'><strong>esse</strong></span> <span class='ocrx_word' id='word_1_346' title='bbox 900 3270 1024 3348; x_wconf 86' lang='lat' dir='ltr'><strong>Eccle-</strong></span> <span class='ocrx_word' id='word_1_347' title='bbox 1075 3275 1157 3352; x_wconf 80' lang='lat' dir='ltr'><strong>iilae</strong></span> <span class='ocrx_word' id='word_1_348' title='bbox 1177 3273 1383 3364; x_wconf 75' lang='lat' dir='ltr'><strong>magnificae</strong></span> <span class='ocrx_word' id='word_1_349' title='bbox 1404 3276 1594 3348; x_wconf 85' lang='lat' dir='ltr'><strong>conciones</strong></span> <span class='ocrx_word' id='word_1_350' title='bbox 1616 3277 1661 3348; x_wconf 92' lang='lat' dir='ltr'><strong>de</strong></span> <span class='ocrx_word' id='word_1_351' title='bbox 1683 3278 1811 3368; x_wconf 78' lang='lat' dir='ltr'><strong>ordine</strong></span> <span class='ocrx_word' id='word_1_352' title='bbox 1832 3285 1935 3354; x_wconf 87' lang='lat' dir='ltr'><strong>etde</strong></span> <span class='ocrx_word' id='word_1_353' title='bbox 1957 3287 2064 3362; x_wconf 63' lang='lat' dir='ltr'><strong>died.</strong></span> 
     </span>
     <span class='ocr_line' id='line_1_30' title="bbox 49 3371 2111 3476; baseline 0.002 -30"><span class='ocrx_word' id='word_1_354' title='bbox 49 3375 219 3465; x_wconf 67' lang='lat' dir='ltr'><strong>danum,</strong></span> <span class='ocrx_word' id='word_1_355' title='bbox 254 3377 294 3448; x_wconf 87' lang='lat' dir='ltr'><strong>in</strong></span> <span class='ocrx_word' id='word_1_356' title='bbox 314 3401 385 3470; x_wconf 87' lang='lat' dir='ltr'><strong>qua</strong></span> <span class='ocrx_word' id='word_1_357' title='bbox 408 3374 507 3448; x_wconf 85' lang='lat' dir='ltr'><strong>Deus</strong></span> <span class='ocrx_word' id='word_1_358' title='bbox 527 3375 631 3450; x_wconf 83' lang='lat' dir='ltr'><strong>Peter</strong></span> <span class='ocrx_word' id='word_1_359' title='bbox 645 3373 794 3448; x_wconf 86' lang='lat' dir='ltr'><strong>Domini</strong></span> <span class='ocrx_word' id='word_1_360' title='bbox 811 3375 928 3448; x_wconf 87' lang='lat' dir='ltr'><strong>nostri</strong></span> <span class='ocrx_word' id='word_1_361' title='bbox 944 3372 1024 3459; x_wconf 71' lang='lat' dir='ltr'><strong>lesu</strong></span> <span class='ocrx_word' id='word_1_362' title='bbox 1076 3375 1175 3468; x_wconf 74' lang='lat' dir='ltr'><strong>plina</strong></span> <span class='ocrx_word' id='word_1_363' title='bbox 1194 3387 1301 3458; x_wconf 80' lang='lat' dir='ltr'><strong>sunt,</strong></span> <span class='ocrx_word' id='word_1_364' title='bbox 1321 3389 1487 3460; x_wconf 62' lang='lat' dir='ltr'><strong>estuaret</strong></span> <span class='ocrx_word' id='word_1_365' title='bbox 1511 3371 1767 3471; x_wconf 77' lang='lat' dir='ltr'><strong>Thucydides,</strong></span> <span class='ocrx_word' id='word_1_366' title='bbox 1782 3386 1909 3476; x_wconf 75' lang='grc' dir='ltr'><em>σχῆμα</em></span> <span class='ocrx_word' id='word_1_367' title='bbox 1927 3393 2069 3465; x_wconf 66' lang='lat' dir='ltr'><strong>aratru-</strong></span> <span class='ocrx_word' id='word_1_368' title='bbox 2108 3391 2111 3396; x_wconf 85' lang='lat'>&#39;</span> 
     </span>
     <span class='ocr_line' id='line_1_31' title="bbox 47 3469 2068 3581; baseline 0.003 -33"><span class='ocrx_word' id='word_1_369' title='bbox 47 3473 165 3550; x_wconf 83' lang='lat' dir='ltr'><strong>Christi</strong></span> <span class='ocrx_word' id='word_1_370' title='bbox 182 3499 271 3550; x_wconf 78' lang='lat' dir='ltr'><strong>rere</strong></span> <span class='ocrx_word' id='word_1_371' title='bbox 295 3477 498 3564; x_wconf 75' lang='lat' dir='ltr'><strong>imeretur,</strong></span> <span class='ocrx_word' id='word_1_372' title='bbox 527 3491 564 3551; x_wconf 90' lang='lat' dir='ltr'><strong>et</strong></span> <span class='ocrx_word' id='word_1_373' title='bbox 586 3492 756 3570; x_wconf 80' lang='lat' dir='ltr'><strong>perpetuo</strong></span> <span class='ocrx_word' id='word_1_374' title='bbox 776 3477 1025 3553; x_wconf 81' lang='lat' dir='ltr'><strong>celebrabitur·</strong></span> <span class='ocrx_word' id='word_1_375' title='bbox 1074 3469 1145 3558; x_wconf 74' lang='grc' dir='ltr'><strong>κὸν</strong></span> <span class='ocrx_word' id='word_1_376' title='bbox 1165 3479 1234 3553; x_wconf 72' lang='grc' dir='ltr'><strong>τοῦ</strong></span> <span class='ocrx_word' id='word_1_377' title='bbox 1256 3469 1391 3573; x_wconf 63' lang='lat' dir='ltr'><strong>idaeo,</strong></span> <span class='ocrx_word' id='word_1_378' title='bbox 1416 3471 1485 3558; x_wconf 79' lang='lat' dir='ltr'><strong>hoc</strong></span> <span class='ocrx_word' id='word_1_379' title='bbox 1503 3473 1738 3563; x_wconf 68' lang='lat' dir='ltr'><strong>eso-bonesci</strong></span> <span class='ocrx_word' id='word_1_380' title='bbox 1757 3497 1962 3572; x_wconf 77' lang='lat' dir='ltr'><strong>praetextos</strong></span> <span class='ocrx_word' id='word_1_381' title='bbox 1984 3513 2068 3581; x_wconf 73' lang='lat' dir='ltr'><strong>pra.</strong></span> 
     </span>
     <span class='ocr_line' id='line_1_32' title="bbox 50 3574 2067 3672; baseline 0.006 -21"><span class='ocrx_word' id='word_1_382' title='bbox 50 3577 243 3668; x_wconf 73' lang='lat' dir='ltr'><strong>Qnsecsset</strong></span> <span class='ocrx_word' id='word_1_383' title='bbox 255 3580 437 3672; x_wconf 84' lang='lat' dir='ltr'><strong>impietas,</strong></span> <span class='ocrx_word' id='word_1_384' title='bbox 460 3581 696 3652; x_wconf 84' lang='lat' dir='ltr'><strong>condemnere</strong></span> <span class='ocrx_word' id='word_1_385' title='bbox 711 3574 776 3652; x_wconf 83' lang='lat' dir='ltr'><strong>has</strong></span> <span class='ocrx_word' id='word_1_386' title='bbox 789 3577 989 3652; x_wconf 74' lang='lat' dir='ltr'><strong>Ecclesiae?¹</strong></span> <span class='ocrx_word' id='word_1_387' title='bbox 1076 3603 1202 3651; x_wconf 88' lang='lat' dir='ltr'><strong>vorum</strong></span> <span class='ocrx_word' id='word_1_388' title='bbox 1217 3578 1461 3662; x_wconf 82' lang='lat' dir='ltr'><strong>consiliorum.</strong></span> <span class='ocrx_word' id='word_1_389' title='bbox 1511 3576 1595 3650; x_wconf 91' lang='lat' dir='ltr'><strong>Non</strong></span> <span class='ocrx_word' id='word_1_390' title='bbox 1611 3581 1708 3652; x_wconf 89' lang='lat' dir='ltr'><strong>enim</strong></span> <span class='ocrx_word' id='word_1_391' title='bbox 1722 3583 1766 3656; x_wconf 85' lang='lat' dir='ltr'><strong>de</strong></span> <span class='ocrx_word' id='word_1_392' title='bbox 1780 3607 1862 3656; x_wconf 84' lang='lat' dir='ltr'><strong>vera</strong></span> <span class='ocrx_word' id='word_1_393' title='bbox 1876 3592 2067 3666; x_wconf 84' lang='lat' dir='ltr'><strong>autoritate</strong></span> 
     </span>
     <span class='ocr_line' id='line_1_33' title="bbox 132 3673 2067 3780; baseline 0.005 -26"><span class='ocrx_word' id='word_1_394' title='bbox 132 3679 400 3760; x_wconf 78' lang='lat' dir='ltr'><strong>Remoraentur</strong></span> <span class='ocrx_word' id='word_1_395' title='bbox 436 3681 519 3752; x_wconf 88' lang='lat' dir='ltr'><strong>illae</strong></span> <span class='ocrx_word' id='word_1_396' title='bbox 547 3675 785 3752; x_wconf 81' lang='lat' dir='ltr'><strong>humanarum</strong></span> <span class='ocrx_word' id='word_1_397' title='bbox 816 3675 1023 3773; x_wconf 84' lang='lat' dir='ltr'><strong>politiorum</strong></span> <span class='ocrx_word' id='word_1_398' title='bbox 1074 3675 1348 3772; x_wconf 81' lang='lat' dir='ltr'><strong>Episcoporum,</strong></span> <span class='ocrx_word' id='word_1_399' title='bbox 1374 3673 1525 3766; x_wconf 55' lang='lat' dir='ltr'><strong>boccan</strong></span> <span class='ocrx_word' id='word_1_400' title='bbox 1548 3682 1592 3750; x_wconf 87' lang='lat' dir='ltr'><strong>de</strong></span> <span class='ocrx_word' id='word_1_401' title='bbox 1607 3681 1799 3758; x_wconf 82' lang='lat' dir='ltr'><strong>ministerii</strong></span> <span class='ocrx_word' id='word_1_402' title='bbox 1818 3686 2007 3780; x_wconf 68' lang='lat' dir='ltr'><strong>dimicare,</strong></span> <span class='ocrx_word' id='word_1_403' title='bbox 2030 3713 2067 3768; x_wconf 86' lang='lat' dir='ltr'><strong>rt·</strong></span> 
     </span>
     <span class='ocr_line' id='line_1_34' title="bbox 49 3777 2066 3878; baseline 0.003 -26"><span class='ocrx_word' id='word_1_404' title='bbox 49 3781 211 3874; x_wconf 67' lang='lat' dir='ltr'><strong>imagines.</strong></span> <span class='ocrx_word' id='word_1_405' title='bbox 254 3779 380 3870; x_wconf 69' lang='lat' dir='ltr'><strong>Regna</strong></span> <span class='ocrx_word' id='word_1_406' title='bbox 396 3779 537 3871; x_wconf 80' lang='lat' dir='ltr'><strong>alligata</strong></span> <span class='ocrx_word' id='word_1_407' title='bbox 552 3794 634 3852; x_wconf 89' lang='lat' dir='ltr'><strong>sunt</strong></span> <span class='ocrx_word' id='word_1_408' title='bbox 652 3782 697 3852; x_wconf 87' lang='lat' dir='ltr'><strong>ad</strong></span> <span class='ocrx_word' id='word_1_409' title='bbox 710 3783 928 3854; x_wconf 88' lang='lat' dir='ltr'><strong>ordinariam</strong></span> <span class='ocrx_word' id='word_1_410' title='bbox 943 3803 1024 3850; x_wconf 89' lang='lat' dir='ltr'><strong>suc-</strong></span> <span class='ocrx_word' id='word_1_411' title='bbox 1075 3781 1119 3855; x_wconf 84' lang='lat' dir='ltr'><strong>de</strong></span> <span class='ocrx_word' id='word_1_412' title='bbox 1145 3803 1229 3852; x_wconf 87' lang='lat' dir='ltr'><strong>cura</strong></span> <span class='ocrx_word' id='word_1_413' title='bbox 1258 3779 1465 3852; x_wconf 83' lang='lat' dir='ltr'><strong>retinendae</strong></span> <span class='ocrx_word' id='word_1_414' title='bbox 1493 3777 1658 3873; x_wconf 80' lang='lat' dir='ltr'><strong>puritatis</strong></span> <span class='ocrx_word' id='word_1_415' title='bbox 1682 3779 1888 3878; x_wconf 67' lang='lat' dir='ltr'><strong>Evangelii,</strong></span> <span class='ocrx_word' id='word_1_416' title='bbox 1923 3816 1997 3866; x_wconf 84' lang='lat' dir='ltr'><strong>non</strong></span> <span class='ocrx_word' id='word_1_417' title='bbox 2019 3799 2066 3868; x_wconf 75' lang='lat' dir='ltr'><strong>de</strong></span> 
     </span>
     <span class='ocr_line' id='line_1_35' title="bbox 48 3881 2066 3978; baseline 0.004 -26"><span class='ocrx_word' id='word_1_418' title='bbox 48 3885 242 3968; x_wconf 74' lang='lat' dir='ltr'><strong>cessionem,</strong></span> <span class='ocrx_word' id='word_1_419' title='bbox 260 3895 309 3952; x_wconf 85' lang='lat' dir='ltr'><strong>nt</strong></span> <span class='ocrx_word' id='word_1_420' title='bbox 322 3881 489 3976; x_wconf 81' lang='lat' dir='ltr'><strong>Cambysi</strong></span> <span class='ocrx_word' id='word_1_421' title='bbox 505 3882 671 3952; x_wconf 89' lang='lat' dir='ltr'><strong>obeditur</strong></span> <span class='ocrx_word' id='word_1_422' title='bbox 683 3896 852 3976; x_wconf 85' lang='lat' dir='ltr'><strong>tanquam</strong></span> <span class='ocrx_word' id='word_1_423' title='bbox 867 3881 1023 3970; x_wconf 83' lang='lat' dir='ltr'><strong>legitimo</strong></span> <span class='ocrx_word' id='word_1_424' title='bbox 1075 3881 1307 3955; x_wconf 78' lang='lat' dir='ltr'><strong>emendandis</strong></span> <span class='ocrx_word' id='word_1_425' title='bbox 1327 3881 1488 3952; x_wconf 87' lang='lat' dir='ltr'><strong>moribus</strong></span> <span class='ocrx_word' id='word_1_426' title='bbox 1514 3895 1549 3954; x_wconf 89' lang='lat' dir='ltr'><strong>et</strong></span> <span class='ocrx_word' id='word_1_427' title='bbox 1572 3883 1764 3978; x_wconf 85' lang='lat' dir='ltr'><strong>disciplina</strong></span> <span class='ocrx_word' id='word_1_428' title='bbox 1782 3889 1948 3967; x_wconf 84' lang='lat' dir='ltr'><strong>ornniurn</strong></span> <span class='ocrx_word' id='word_1_429' title='bbox 1967 3901 2066 3970; x_wconf 81' lang='lat' dir='ltr'><strong>culi.</strong></span> 
     </span>
     <span class='ocr_line' id='line_1_36' title="bbox 48 3981 2064 4076; baseline 0.007 -22"><span class='ocrx_word' id='word_1_430' title='bbox 48 3986 220 4056; x_wconf 83' lang='lat' dir='ltr'><strong>successori</strong></span> <span class='ocrx_word' id='word_1_431' title='bbox 237 3984 348 4074; x_wconf 86' lang='lat' dir='ltr'><strong>patris</strong></span> <span class='ocrx_word' id='word_1_432' title='bbox 362 3981 468 4076; x_wconf 78' lang='lat' dir='ltr'><strong>Cyri,</strong></span> <span class='ocrx_word' id='word_1_433' title='bbox 500 3983 565 4055; x_wconf 90' lang='lat' dir='ltr'><strong>etsi</strong></span> <span class='ocrx_word' id='word_1_434' title='bbox 582 3983 676 4054; x_wconf 86' lang='lat' dir='ltr'><strong>lilius</strong></span> <span class='ocrx_word' id='word_1_435' title='bbox 689 3984 871 4056; x_wconf 89' lang='lat' dir='ltr'><strong>dissimilis</strong></span> <span class='ocrx_word' id='word_1_436' title='bbox 894 3995 1023 4075; x_wconf 85' lang='lat' dir='ltr'><strong>estpa-</strong></span> <span class='ocrx_word' id='word_1_437' title='bbox 1074 4005 1183 4070; x_wconf 80' lang='lat' dir='ltr'><strong>nom,</strong></span> <span class='ocrx_word' id='word_1_438' title='bbox 1206 3984 1266 4054; x_wconf 78' lang='lat' dir='ltr'><strong>sed</strong></span> <span class='ocrx_word' id='word_1_439' title='bbox 1282 3983 1327 4053; x_wconf 91' lang='lat' dir='ltr'><strong>de</strong></span> <span class='ocrx_word' id='word_1_440' title='bbox 1344 3983 1569 4056; x_wconf 85' lang='lat' dir='ltr'><strong>stabiliendis</strong></span> <span class='ocrx_word' id='word_1_441' title='bbox 1589 3987 1771 4070; x_wconf 83' lang='lat' dir='ltr'><strong>erroribus</strong></span> <span class='ocrx_word' id='word_1_442' title='bbox 1795 4001 1831 4060; x_wconf 91' lang='lat' dir='ltr'><strong>et</strong></span> <span class='ocrx_word' id='word_1_443' title='bbox 1849 3989 1992 4068; x_wconf 88' lang='lat' dir='ltr'><strong>iniustis</strong></span> <span class='ocrx_word' id='word_1_444' title='bbox 2012 4001 2064 4075; x_wconf 78' lang='lat' dir='ltr'><strong>ts-</strong></span> 
     </span>
     <span class='ocr_line' id='line_1_37' title="bbox 48 4082 2064 4187; baseline 0.009 -33"><span class='ocrx_word' id='word_1_445' title='bbox 48 4083 98 4160; x_wconf 86' lang='lat' dir='ltr'><strong>tri.</strong></span> <span class='ocrx_word' id='word_1_446' title='bbox 140 4085 183 4158; x_wconf 88' lang='lat' dir='ltr'><strong>la</strong></span> <span class='ocrx_word' id='word_1_447' title='bbox 203 4082 364 4157; x_wconf 76' lang='lat' dir='ltr'><strong>Ecclesia</strong></span> <span class='ocrx_word' id='word_1_448' title='bbox 388 4083 458 4156; x_wconf 83' lang='lat' dir='ltr'><strong>alia</strong></span> <span class='ocrx_word' id='word_1_449' title='bbox 475 4105 533 4156; x_wconf 84' lang='lat' dir='ltr'><strong>res</strong></span> <span class='ocrx_word' id='word_1_450' title='bbox 553 4095 617 4158; x_wconf 87' lang='lat' dir='ltr'><strong>est.</strong></span> <span class='ocrx_word' id='word_1_451' title='bbox 672 4082 768 4157; x_wconf 86' lang='lat' dir='ltr'><strong>Haec</strong></span> <span class='ocrx_word' id='word_1_452' title='bbox 789 4085 924 4174; x_wconf 86' lang='lat' dir='ltr'><strong>regitur</strong></span> <span class='ocrx_word' id='word_1_453' title='bbox 944 4085 1022 4156; x_wconf 89' lang='lat' dir='ltr'><strong>luce</strong></span> <span class='ocrx_word' id='word_1_454' title='bbox 1055 4086 1179 4176; x_wconf 74' lang='lat' dir='ltr'><strong>,gibus</strong></span> <span class='ocrx_word' id='word_1_455' title='bbox 1211 4083 1400 4166; x_wconf 83' lang='lat' dir='ltr'><strong>dimicant,</strong></span> <span class='ocrx_word' id='word_1_456' title='bbox 1439 4107 1529 4178; x_wconf 81' lang='lat' dir='ltr'><strong>qrrae</strong></span> <span class='ocrx_word' id='word_1_457' title='bbox 1553 4099 1650 4163; x_wconf 83' lang='lat' dir='ltr'><strong>¹sunt</strong></span> <span class='ocrx_word' id='word_1_458' title='bbox 1680 4084 1785 4161; x_wconf 85' lang='lat' dir='ltr'><strong>nervi</strong></span> <span class='ocrx_word' id='word_1_459' title='bbox 1818 4096 1996 4187; x_wconf 70' lang='lat' dir='ltr'><strong>potentiae</strong></span> <span class='ocrx_word' id='word_1_460' title='bbox 2029 4119 2064 4176; x_wconf 89' lang='lat' dir='ltr'><strong>er</strong></span> 
     </span>
     <span class='ocr_line' id='line_1_38' title="bbox 48 4179 2064 4281; baseline 0.01 -27"><span class='ocrx_word' id='word_1_461' title='bbox 48 4179 237 4278; x_wconf 77' lang='lat' dir='ltr'><strong>Evangelii,</strong></span> <span class='ocrx_word' id='word_1_462' title='bbox 270 4187 369 4280; x_wconf 86' lang='lat' dir='ltr'><strong>quod</strong></span> <span class='ocrx_word' id='word_1_463' title='bbox 388 4206 468 4257; x_wconf 80' lang='lat' dir='ltr'><strong>eum</strong></span> <span class='ocrx_word' id='word_1_464' title='bbox 490 4207 566 4255; x_wconf 90' lang='lat' dir='ltr'><strong>non</strong></span> <span class='ocrx_word' id='word_1_465' title='bbox 585 4185 758 4259; x_wconf 83' lang='lat' dir='ltr'><strong>retinetur</strong></span> <span class='ocrx_word' id='word_1_466' title='bbox 779 4186 818 4256; x_wconf 90' lang='lat' dir='ltr'><strong>in</strong></span> <span class='ocrx_word' id='word_1_467' title='bbox 842 4183 1022 4259; x_wconf 87' lang='lat' dir='ltr'><strong>ordinaria</strong></span> <span class='ocrx_word' id='word_1_468' title='bbox 1074 4209 1196 4278; x_wconf 67' lang='lat' dir='ltr'><strong>upon</strong></span> <span class='ocrx_word' id='word_1_469' title='bbox 1260 4183 1414 4259; x_wconf 85' lang='lat' dir='ltr'><strong>Memini</strong></span> <span class='ocrx_word' id='word_1_470' title='bbox 1437 4187 1634 4263; x_wconf 76' lang='lat' dir='ltr'><strong>multonem</strong></span> <span class='ocrx_word' id='word_1_471' title='bbox 1657 4188 1861 4281; x_wconf 82' lang='lat' dir='ltr'><strong>sapientum</strong></span> <span class='ocrx_word' id='word_1_472' title='bbox 1882 4217 2064 4274; x_wconf 87' lang='lat' dir='ltr'><strong>sermones</strong></span> 
     </span>
     <span class='ocr_line' id='line_1_39' title="bbox 47 4283 2065 4380; baseline 0.007 -28"><span class='ocrx_word' id='word_1_473' title='bbox 47 4289 268 4368; x_wconf 76' lang='lat' dir='ltr'><strong>recursione,</strong></span> <span class='ocrx_word' id='word_1_474' title='bbox 294 4287 508 4379; x_wconf 81' lang='lat' dir='ltr'><strong>ubicumque</strong></span> <span class='ocrx_word' id='word_1_475' title='bbox 522 4287 651 4375; x_wconf 69' lang='lat' dir='ltr'><strong>utres,</strong></span> <span class='ocrx_word' id='word_1_476' title='bbox 670 4285 723 4358; x_wconf 90' lang='lat' dir='ltr'><strong>ibi</strong></span> <span class='ocrx_word' id='word_1_477' title='bbox 737 4287 1022 4376; x_wconf 90' lang='lat' dir='ltr'><strong>amplectendum</strong></span> <span class='ocrx_word' id='word_1_478' title='bbox 1073 4290 1116 4365; x_wconf 87' lang='lat' dir='ltr'><strong>de</strong></span> <span class='ocrx_word' id='word_1_479' title='bbox 1131 4283 1309 4372; x_wconf 74' lang='lat' dir='ltr'><strong>Ecclesiae</strong></span> <span class='ocrx_word' id='word_1_480' title='bbox 1323 4285 1541 4372; x_wconf 75' lang='lat' dir='ltr'><strong>vulnmibus,</strong></span> <span class='ocrx_word' id='word_1_481' title='bbox 1552 4287 1619 4380; x_wconf 77' lang='lat' dir='ltr'><strong>‚qui</strong></span> <span class='ocrx_word' id='word_1_482' title='bbox 1634 4291 1871 4378; x_wconf 67' lang='lat' dir='ltr'><strong>agnoscebant</strong></span> <span class='ocrx_word' id='word_1_483' title='bbox 1883 4299 2065 4376; x_wconf 69' lang='lat' dir='ltr'><strong>doetrinae</strong></span> 
     </span>
     <span class='ocr_line' id='line_1_40' title="bbox 47 4379 2065 4484; baseline 0.01 -28"><span class='ocrx_word' id='word_1_484' title='bbox 47 4400 75 4456; x_wconf 83' lang='lat' dir='ltr'><strong>et</strong></span> <span class='ocrx_word' id='word_1_485' title='bbox 94 4390 312 4484; x_wconf 72' lang='lat' dir='ltr'><strong>separandum</strong></span> <span class='ocrx_word' id='word_1_486' title='bbox 334 4399 404 4470; x_wconf 84' lang='lat' dir='ltr'><strong>eat,</strong></span> <span class='ocrx_word' id='word_1_487' title='bbox 433 4398 475 4458; x_wconf 91' lang='lat' dir='ltr'><strong>ut</strong></span> <span class='ocrx_word' id='word_1_488' title='bbox 498 4381 663 4458; x_wconf 87' lang='lat' dir='ltr'><strong>Christus</strong></span> <span class='ocrx_word' id='word_1_489' title='bbox 688 4388 753 4460; x_wconf 91' lang='lat' dir='ltr'><strong>ait:</strong></span> <span class='ocrx_word' id='word_1_490' title='bbox 797 4381 895 4457; x_wconf 87' lang='lat' dir='ltr'><strong>Oves</strong></span> <span class='ocrx_word' id='word_1_491' title='bbox 923 4409 1022 4458; x_wconf 86' lang='lat' dir='ltr'><strong>meae</strong></span> <span class='ocrx_word' id='word_1_492' title='bbox 1073 4389 1190 4460; x_wconf 78' lang='lat' dir='ltr'><strong>tontes</strong></span> <span class='ocrx_word' id='word_1_493' title='bbox 1212 4387 1372 4474; x_wconf 74' lang='lat' dir='ltr'><strong>turbatas</strong></span> <span class='ocrx_word' id='word_1_494' title='bbox 1392 4379 1533 4482; x_wconf 77' lang='lat' dir='ltr'><strong>esse*),</strong></span> <span class='ocrx_word' id='word_1_495' title='bbox 1573 4403 1608 4459; x_wconf 90' lang='lat' dir='ltr'><strong>et</strong></span> <span class='ocrx_word' id='word_1_496' title='bbox 1628 4389 1809 4466; x_wconf 82' lang='lat' dir='ltr'><strong>invectum</strong></span> <span class='ocrx_word' id='word_1_497' title='bbox 1832 4419 1854 4467; x_wconf 88' lang='lat' dir='ltr'><strong>a</strong></span> <span class='ocrx_word' id='word_1_498' title='bbox 1875 4395 2065 4476; x_wconf 86' lang='lat' dir='ltr'><strong>Monaehis</strong></span> 
     </span>
     <span class='ocr_line' id='line_1_41' title="bbox 8 4483 2063 4592; baseline 0.009 -40"><span class='ocrx_word' id='word_1_499' title='bbox 8 4503 10 4520; x_wconf 65' lang='lat'><strong><em>³</em></strong></span> <span class='ocrx_word' id='word_1_500' title='bbox 48 4512 155 4560; x_wconf 87' lang='lat' dir='ltr'><strong>rocem</strong></span> <span class='ocrx_word' id='word_1_501' title='bbox 182 4511 299 4560; x_wconf 89' lang='lat' dir='ltr'><strong>meam</strong></span> <span class='ocrx_word' id='word_1_502' title='bbox 323 4487 484 4560; x_wconf 90' lang='lat' dir='ltr'><strong>andiunt.</strong></span> <span class='ocrx_word' id='word_1_503' title='bbox 542 4483 683 4558; x_wconf 90' lang='lat' dir='ltr'><strong>Deinde</strong></span> <span class='ocrx_word' id='word_1_504' title='bbox 705 4489 745 4558; x_wconf 90' lang='lat' dir='ltr'><strong>in</strong></span> <span class='ocrx_word' id='word_1_505' title='bbox 769 4487 830 4558; x_wconf 91' lang='lat' dir='ltr'><strong>illa</strong></span> <span class='ocrx_word' id='word_1_506' title='bbox 855 4489 1023 4559; x_wconf 88' lang='lat' dir='ltr'><strong>daedalea</strong></span> <span class='ocrx_word' id='word_1_507' title='bbox 1054 4489 1256 4573; x_wconf 60' lang='lat' dir='ltr'><strong>⁴doctrinae</strong></span> <span class='ocrx_word' id='word_1_508' title='bbox 1281 4511 1391 4578; x_wconf 82' lang='lat' dir='ltr'><strong>genus</strong></span> <span class='ocrx_word' id='word_1_509' title='bbox 1418 4487 1456 4558; x_wconf 94' lang='lat' dir='ltr'><strong>in</strong></span> <span class='ocrx_word' id='word_1_510' title='bbox 1479 4487 1693 4576; x_wconf 86' lang='lat' dir='ltr'><strong>Ecclesiam,</strong></span> <span class='ocrx_word' id='word_1_511' title='bbox 1729 4495 1858 4584; x_wconf 87' lang='lat' dir='ltr'><strong>partim</strong></span> <span class='ocrx_word' id='word_1_512' title='bbox 1883 4517 2063 4592; x_wconf 78' lang='lat' dir='ltr'><strong>sumptum</strong></span> 
     </span>
     <span class='ocr_line' id='line_1_42' title="bbox 47 4583 2063 4682; baseline 0.007 -26"><span class='ocrx_word' id='word_1_513' title='bbox 47 4591 141 4662; x_wconf 89' lang='lat' dir='ltr'><strong>domo</strong></span> <span class='ocrx_word' id='word_1_514' title='bbox 152 4591 323 4666; x_wconf 87' lang='lat' dir='ltr'><strong>tribuitur</strong></span> <span class='ocrx_word' id='word_1_515' title='bbox 344 4601 497 4680; x_wconf 88' lang='lat' dir='ltr'><strong>potestas</strong></span> <span class='ocrx_word' id='word_1_516' title='bbox 510 4583 696 4682; x_wconf 82' lang='lat' dir='ltr'><strong>Episcopis</strong></span> <span class='ocrx_word' id='word_1_517' title='bbox 719 4589 898 4660; x_wconf 93' lang='lat' dir='ltr'><strong>condendi</strong></span> <span class='ocrx_word' id='word_1_518' title='bbox 919 4589 1023 4678; x_wconf 86' lang='lat' dir='ltr'><strong>leges,</strong></span> <span class='ocrx_word' id='word_1_519' title='bbox 1074 4615 1115 4664; x_wconf 85' lang='lat' dir='ltr'><strong>ex</strong></span> <span class='ocrx_word' id='word_1_520' title='bbox 1129 4590 1317 4662; x_wconf 71' lang='lat' dir='ltr'><strong>⁴inerudita</strong></span> <span class='ocrx_word' id='word_1_521' title='bbox 1341 4583 1591 4682; x_wconf 87' lang='lat' dir='ltr'><strong>Philosophia,</strong></span> <span class='ocrx_word' id='word_1_522' title='bbox 1630 4591 1760 4682; x_wconf 89' lang='lat' dir='ltr'><strong>partim</strong></span> <span class='ocrx_word' id='word_1_523' title='bbox 1787 4618 1827 4666; x_wconf 82' lang='lat' dir='ltr'><strong>cr</strong></span> <span class='ocrx_word' id='word_1_524' title='bbox 1851 4594 2063 4680; x_wconf 77' lang='lat' dir='ltr'><strong>Pharisaicis</strong></span> 
     </span>
     <span class='ocr_line' id='line_1_43' title="bbox 46 4689 2072 4796; baseline 0.007 -33"><span class='ocrx_word' id='word_1_525' title='bbox 46 4705 283 4784; x_wconf 85' lang='lat' dir='ltr'><strong>proponuntur</strong></span> <span class='ocrx_word' id='word_1_526' title='bbox 304 4691 439 4782; x_wconf 68' lang='lat' dir='ltr'><strong>hgum</strong></span> <span class='ocrx_word' id='word_1_527' title='bbox 462 4691 619 4774; x_wconf 89' lang='lat' dir='ltr'><strong>tabulae,</strong></span> <span class='ocrx_word' id='word_1_528' title='bbox 651 4692 696 4760; x_wconf 91' lang='lat' dir='ltr'><strong>dc</strong></span> <span class='ocrx_word' id='word_1_529' title='bbox 716 4691 892 4762; x_wconf 83' lang='lat' dir='ltr'><strong>coelibatu</strong></span> <span class='ocrx_word' id='word_1_530' title='bbox 914 4689 1022 4762; x_wconf 87' lang='lat' dir='ltr'><strong>mini·</strong></span> <span class='ocrx_word' id='word_1_531' title='bbox 1073 4689 1400 4784; x_wconf 83' lang='lat' dir='ltr'><strong>supcrstitionibus3</strong></span> <span class='ocrx_word' id='word_1_532' title='bbox 1427 4689 1659 4782; x_wconf 83' lang='lat' dir='ltr'><strong>deplorabant</strong></span> <span class='ocrx_word' id='word_1_533' title='bbox 1674 4689 1855 4788; x_wconf 81' lang='lat' dir='ltr'><strong>Liturgiae</strong></span> <span class='ocrx_word' id='word_1_534' title='bbox 1871 4701 1960 4776; x_wconf 75' lang='lat' dir='ltr'><strong>‘vitia</strong></span> <span class='ocrx_word' id='word_1_535' title='bbox 1982 4709 2072 4796; x_wconf 76' lang='lat' dir='ltr'><strong>plu..</strong></span> 
     </span>
     <span class='ocr_line' id='line_1_44' title="bbox 47 4787 2065 4902; baseline 0.009 -44"><span class='ocrx_word' id='word_1_536' title='bbox 47 4805 207 4880; x_wconf 82' lang='lat' dir='ltr'><strong>suornm,</strong></span> <span class='ocrx_word' id='word_1_537' title='bbox 231 4793 402 4876; x_wconf 85' lang='lat' dir='ltr'><strong>devotis,</strong></span> <span class='ocrx_word' id='word_1_538' title='bbox 426 4791 472 4860; x_wconf 87' lang='lat' dir='ltr'><strong>da</strong></span> <span class='ocrx_word' id='word_1_539' title='bbox 487 4789 680 4864; x_wconf 84' lang='lat' dir='ltr'><strong>Missurum</strong></span> <span class='ocrx_word' id='word_1_540' title='bbox 694 4789 951 4884; x_wconf 88' lang='lat' dir='ltr'><strong>adplicatione,</strong></span> <span class='ocrx_word' id='word_1_541' title='bbox 976 4793 1021 4862; x_wconf 89' lang='lat' dir='ltr'><strong>de</strong></span> <span class='ocrx_word' id='word_1_542' title='bbox 1053 4795 1175 4876; x_wconf 82' lang='lat' dir='ltr'><strong>rima,</strong></span> <span class='ocrx_word' id='word_1_543' title='bbox 1196 4792 1460 4864; x_wconf 86' lang='lat' dir='ltr'><strong>detestabantur</strong></span> <span class='ocrx_word' id='word_1_544' title='bbox 1474 4805 1507 4862; x_wconf 92' lang='lat' dir='ltr'><strong>et</strong></span> <span class='ocrx_word' id='word_1_545' title='bbox 1515 4787 1665 4884; x_wconf 77' lang='lat' dir='ltr'><strong>Regiam</strong></span> <span class='ocrx_word' id='word_1_546' title='bbox 1681 4795 1961 4877; x_wconf 86' lang='lat' dir='ltr'><strong>dominationem</strong></span> <span class='ocrx_word' id='word_1_547' title='bbox 1974 4805 2065 4902; x_wconf 69' lang='lat' dir='ltr'><strong>Epi-</strong></span> 
     </span>
     <span class='ocr_line' id='line_1_45' title="bbox 48 4891 2065 5002; baseline 0.01 -44"><span class='ocrx_word' id='word_1_548' title='bbox 48 4893 240 4966; x_wconf 82' lang='lat' dir='ltr'><strong>iurocaudis</strong></span> <span class='ocrx_word' id='word_1_549' title='bbox 261 4891 427 4976; x_wconf 88' lang='lat' dir='ltr'><strong>mortuis,</strong></span> <span class='ocrx_word' id='word_1_550' title='bbox 455 4894 501 4962; x_wconf 91' lang='lat' dir='ltr'><strong>de</strong></span> <span class='ocrx_word' id='word_1_551' title='bbox 522 4893 668 4964; x_wconf 76' lang='lat' dir='ltr'><strong>caeteris</strong></span> <span class='ocrx_word' id='word_1_552' title='bbox 688 4891 941 4984; x_wconf 89' lang='lat' dir='ltr'><strong>superstitiosis</strong></span> <span class='ocrx_word' id='word_1_553' title='bbox 963 4916 1022 4961; x_wconf 91' lang='lat' dir='ltr'><strong>ce·</strong></span> <span class='ocrx_word' id='word_1_554' title='bbox 1072 4891 1437 4986; x_wconf 80' lang='lat' dir='ltr'><strong>scoporumetlurtun</strong></span> <span class='ocrx_word' id='word_1_555' title='bbox 1451 4891 1694 4981; x_wconf 83' lang='lat' dir='ltr'><strong>collegiorum.</strong></span> <span class='ocrx_word' id='word_1_556' title='bbox 1717 4893 1787 4968; x_wconf 91' lang='lat' dir='ltr'><strong>Sed</strong></span> <span class='ocrx_word' id='word_1_557' title='bbox 1804 4893 1888 4974; x_wconf 89' lang='lat' dir='ltr'><strong>haec</strong></span> <span class='ocrx_word' id='word_1_558' title='bbox 1896 4908 1989 4978; x_wconf 90' lang='lat' dir='ltr'><strong>mala</strong></span> <span class='ocrx_word' id='word_1_559' title='bbox 2000 4936 2065 5002; x_wconf 84' lang='lat' dir='ltr'><strong>po.</strong></span> 
     </span>
     <span class='ocr_line' id='line_1_46' title="bbox 48 4991 2063 5108; baseline 0.005 -46"><span class='ocrx_word' id='word_1_560' title='bbox 48 4997 215 5070; x_wconf 78' lang='lat' dir='ltr'><strong>mmoniis.</strong></span> <span class='ocrx_word' id='word_1_561' title='bbox 257 4993 325 5066; x_wconf 85' lang='lat' dir='ltr'><strong>His</strong></span> <span class='ocrx_word' id='word_1_562' title='bbox 339 4994 401 5090; x_wconf 91' lang='lat' dir='ltr'><strong>qui</strong></span> <span class='ocrx_word' id='word_1_563' title='bbox 417 4993 654 5085; x_wconf 87' lang='lat' dir='ltr'><strong>obtemperat,</strong></span> <span class='ocrx_word' id='word_1_564' title='bbox 675 4993 820 5066; x_wconf 88' lang='lat' dir='ltr'><strong>ducitur</strong></span> <span class='ocrx_word' id='word_1_565' title='bbox 841 5015 915 5064; x_wconf 89' lang='lat' dir='ltr'><strong>esse</strong></span> <span class='ocrx_word' id='word_1_566' title='bbox 935 4993 1022 5064; x_wconf 85' lang='lat' dir='ltr'><strong>civis</strong></span> <span class='ocrx_word' id='word_1_567' title='bbox 1073 4997 1147 5067; x_wconf 89' lang='lat' dir='ltr'><strong>tius</strong></span> <span class='ocrx_word' id='word_1_568' title='bbox 1155 4993 1337 5064; x_wconf 86' lang='lat' dir='ltr'><strong>toleranda</strong></span> <span class='ocrx_word' id='word_1_569' title='bbox 1351 5015 1423 5062; x_wconf 89' lang='lat' dir='ltr'><strong>csse</strong></span> <span class='ocrx_word' id='word_1_570' title='bbox 1433 4991 1609 5078; x_wconf 87' lang='lat' dir='ltr'><strong>dicebant,</strong></span> <span class='ocrx_word' id='word_1_571' title='bbox 1620 5019 1729 5088; x_wconf 86' lang='lat' dir='ltr'><strong>¹quarn</strong></span> <span class='ocrx_word' id='word_1_572' title='bbox 1740 4997 1934 5077; x_wconf 82' lang='lat' dir='ltr'><strong>faciendam</strong></span> <span class='ocrx_word' id='word_1_573' title='bbox 1946 5001 2063 5108; x_wconf 67' lang='grc' dir='ltr'><strong><em>ἆμαρ.</em></strong></span> 
     </span>
     <span class='ocr_line' id='line_1_47' title="bbox 49 5089 2011 5190; baseline 0.005 -28"><span class='ocrx_word' id='word_1_574' title='bbox 49 5089 142 5166; x_wconf 86' lang='lat' dir='ltr'><strong>boios</strong></span> <span class='ocrx_word' id='word_1_575' title='bbox 164 5095 360 5180; x_wconf 78' lang='lat' dir='ltr'><strong>Ecclesiae,</strong></span> <span class='ocrx_word' id='word_1_576' title='bbox 388 5107 543 5165; x_wconf 89' lang='lat' dir='ltr'><strong>caeteros</strong></span> <span class='ocrx_word' id='word_1_577' title='bbox 563 5095 656 5166; x_wconf 90' lang='lat' dir='ltr'><strong>liber</strong></span> <span class='ocrx_word' id='word_1_578' title='bbox 676 5107 872 5182; x_wconf 87' lang='lat' dir='ltr'><strong>execratur,</strong></span> <span class='ocrx_word' id='word_1_579' title='bbox 905 5107 940 5166; x_wconf 90' lang='lat' dir='ltr'><strong>et</strong></span> <span class='ocrx_word' id='word_1_580' title='bbox 960 5095 1022 5164; x_wconf 89' lang='lat' dir='ltr'><strong>dc·</strong></span> <span class='ocrx_word' id='word_1_581' title='bbox 1069 5091 1178 5190; x_wconf 79' lang='grc' dir='ltr'><em>χίαν,</em></span> <span class='ocrx_word' id='word_1_582' title='bbox 1201 5118 1292 5188; x_wconf 86' lang='lat' dir='ltr'><strong>quac</strong></span> <span class='ocrx_word' id='word_1_583' title='bbox 1313 5093 1359 5164; x_wconf 90' lang='lat' dir='ltr'><strong>sit</strong></span> <span class='ocrx_word' id='word_1_584' title='bbox 1376 5093 1538 5166; x_wconf 89' lang='lat' dir='ltr'><strong>omnium</strong></span> <span class='ocrx_word' id='word_1_585' title='bbox 1558 5095 1733 5170; x_wconf 86' lang='lat' dir='ltr'><strong>malorum</strong></span> <span class='ocrx_word' id='word_1_586' title='bbox 1757 5113 1962 5185; x_wconf 75' lang='lat' dir='ltr'><strong>extremum.</strong></span> <span class='ocrx_word' id='word_1_587' title='bbox 2007 5165 2011 5172; x_wconf 91' lang='lat'>.</span> 
     </span>
     <span class='ocr_line' id='line_1_48' title="bbox 48 5187 2063 5288; baseline 0.006 -26"><span class='ocrx_word' id='word_1_588' title='bbox 48 5191 145 5268; x_wconf 88' lang='lat' dir='ltr'><strong>trabit</strong></span> <span class='ocrx_word' id='word_1_589' title='bbox 175 5197 224 5268; x_wconf 88' lang='lat' dir='ltr'><strong>eis</strong></span> <span class='ocrx_word' id='word_1_590' title='bbox 256 5195 497 5268; x_wconf 88' lang='lat' dir='ltr'><strong>ministerium</strong></span> <span class='ocrx_word' id='word_1_591' title='bbox 522 5191 711 5288; x_wconf 79' lang='lat' dir='ltr'><strong>Evangelii</strong></span> <span class='ocrx_word' id='word_1_592' title='bbox 738 5209 775 5272; x_wconf 88' lang='lat' dir='ltr'><strong>cl</strong></span> <span class='ocrx_word' id='word_1_593' title='bbox 804 5195 1022 5266; x_wconf 87' lang='lat' dir='ltr'><strong>remissionis</strong></span> <span class='ocrx_word' id='word_1_594' title='bbox 1174 5193 1255 5267; x_wconf 92' lang='lat' dir='ltr'><strong>Scio</strong></span> <span class='ocrx_word' id='word_1_595' title='bbox 1272 5187 1359 5264; x_wconf 88' lang='lat' dir='ltr'><strong>hacc</strong></span> <span class='ocrx_word' id='word_1_596' title='bbox 1374 5195 1556 5286; x_wconf 80' lang='lat' dir='ltr'><strong>magnifice</strong></span> <span class='ocrx_word' id='word_1_597' title='bbox 1573 5195 1662 5284; x_wconf 90' lang='lat' dir='ltr'><strong>dici,</strong></span> <span class='ocrx_word' id='word_1_598' title='bbox 1685 5211 1719 5268; x_wconf 91' lang='lat' dir='ltr'><strong>et</strong></span> <span class='ocrx_word' id='word_1_599' title='bbox 1733 5217 1866 5288; x_wconf 79' lang='lat' dir='ltr'><strong>gramm</strong></span> <span class='ocrx_word' id='word_1_600' title='bbox 1883 5230 1954 5276; x_wconf 81' lang='lat' dir='ltr'><strong>osse</strong></span> <span class='ocrx_word' id='word_1_601' title='bbox 1972 5205 2063 5286; x_wconf 61' lang='lat' dir='ltr'><strong>hans</strong></span> 
     </span>
     <span class='ocr_line' id='line_1_49' title="bbox 49 5291 2067 5394; baseline 0.008 -30"><span class='ocrx_word' id='word_1_602' title='bbox 49 5311 268 5384; x_wconf 88' lang='lat' dir='ltr'><strong>peccatorum.</strong></span> <span class='ocrx_word' id='word_1_603' title='bbox 317 5296 411 5370; x_wconf 90' lang='lat' dir='ltr'><strong>Nolo</strong></span> <span class='ocrx_word' id='word_1_604' title='bbox 427 5297 466 5366; x_wconf 94' lang='lat' dir='ltr'><strong>in</strong></span> <span class='ocrx_word' id='word_1_605' title='bbox 487 5291 554 5366; x_wconf 87' lang='lat' dir='ltr'><strong>hoc</strong></span> <span class='ocrx_word' id='word_1_606' title='bbox 575 5299 707 5390; x_wconf 88' lang='lat' dir='ltr'><strong>scripto</strong></span> <span class='ocrx_word' id='word_1_607' title='bbox 731 5297 916 5390; x_wconf 80' lang='lat' dir='ltr'><strong>indulgere</strong></span> <span class='ocrx_word' id='word_1_608' title='bbox 941 5321 1021 5368; x_wconf 90' lang='lat' dir='ltr'><strong>meo</strong></span> <span class='ocrx_word' id='word_1_609' title='bbox 1073 5298 1270 5376; x_wconf 85' lang='lat' dir='ltr'><strong>orationem</strong></span> <span class='ocrx_word' id='word_1_610' title='bbox 1291 5293 1458 5388; x_wconf 74' lang='lat' dir='ltr'><strong>Regibus.</strong></span> <span class='ocrx_word' id='word_1_611' title='bbox 1507 5293 1579 5368; x_wconf 89' lang='lat' dir='ltr'><strong>Sed</strong></span> <span class='ocrx_word' id='word_1_612' title='bbox 1601 5291 1687 5368; x_wconf 88' lang='lat' dir='ltr'><strong>haec</strong></span> <span class='ocrx_word' id='word_1_613' title='bbox 1710 5301 1879 5394; x_wconf 88' lang='lat' dir='ltr'><strong>sapientia</strong></span> <span class='ocrx_word' id='word_1_614' title='bbox 1901 5303 2067 5388; x_wconf 75' lang='lat' dir='ltr'><strong>nibilad</strong></span> 
     </span>
     <span class='ocr_line' id='line_1_50' title="bbox 49 5395 1278 5492; baseline 0.002 -28"><span class='ocrx_word' id='word_1_615' title='bbox 49 5397 171 5484; x_wconf 91' lang='lat' dir='ltr'><strong>dolori,</strong></span> <span class='ocrx_word' id='word_1_616' title='bbox 242 5399 271 5470; x_wconf 87' lang='lat' dir='ltr'><strong>ri</strong></span> <span class='ocrx_word' id='word_1_617' title='bbox 301 5399 447 5492; x_wconf 87' lang='lat' dir='ltr'><strong>quidem</strong></span> <span class='ocrx_word' id='word_1_618' title='bbox 473 5421 493 5470; x_wconf 83' lang='lat' dir='ltr'><strong>e</strong></span> <span class='ocrx_word' id='word_1_619' title='bbox 519 5399 641 5472; x_wconf 83' lang='lat' dir='ltr'><strong>multis</strong></span> <span class='ocrx_word' id='word_1_620' title='bbox 666 5397 772 5470; x_wconf 81' lang='lat' dir='ltr'><strong>bonis</strong></span> <span class='ocrx_word' id='word_1_621' title='bbox 796 5399 904 5482; x_wconf 87' lang='lat' dir='ltr'><strong>viris,</strong></span> <span class='ocrx_word' id='word_1_622' title='bbox 937 5395 1023 5492; x_wconf 87' lang='lat' dir='ltr'><strong>ipsis</strong></span> <span class='ocrx_word' id='word_1_623' title='bbox 1069 5447 1278 5470; x_wconf 86' lang='grc'>..........</span> 
     </span>
     <span class='ocr_line' id='line_1_51' title="bbox 49 5495 1619 5594; baseline 0.006 -30"><span class='ocrx_word' id='word_1_624' title='bbox 49 5499 142 5568; x_wconf 87' lang='lat' dir='ltr'><strong>etiam</strong></span> <span class='ocrx_word' id='word_1_625' title='bbox 164 5523 221 5574; x_wconf 86' lang='lat' dir='ltr'><strong>arc</strong></span> <span class='ocrx_word' id='word_1_626' title='bbox 249 5499 362 5572; x_wconf 87' lang='lat' dir='ltr'><strong>&#39;tectis</strong></span> <span class='ocrx_word' id='word_1_627' title='bbox 390 5495 498 5571; x_wconf 87' lang='lat' dir='ltr'><strong>buius</strong></span> <span class='ocrx_word' id='word_1_628' title='bbox 528 5499 698 5588; x_wconf 83' lang='lat' dir='ltr'><strong>aedificii,</strong></span> <span class='ocrx_word' id='word_1_629' title='bbox 730 5509 938 5594; x_wconf 82' lang='lat' dir='ltr'><strong>conspectus</strong></span> <span class='ocrx_word' id='word_1_630' title='bbox 959 5511 1023 5576; x_wconf 80' lang='lat' dir='ltr'><strong>est.</strong></span> <span class='ocrx_word' id='word_1_631' title='bbox 1108 5518 1287 5592; x_wconf 62' lang='lat' dir='ltr'><strong>mousom.</strong></span> <span class='ocrx_word' id='word_1_632' title='bbox 1302 5513 1401 5574; x_wconf 76' lang='lat' dir='ltr'><strong>sstses.</strong></span> <span class='ocrx_word' id='word_1_633' title='bbox 1417 5533 1481 5592; x_wconf 75' lang='lat' dir='ltr'><strong>epp.</strong></span> <span class='ocrx_word' id='word_1_634' title='bbox 1497 5515 1619 5576; x_wconf 60' lang='lat' dir='ltr'><strong>stuta.</strong></span> 
     </span>
     <span class='ocr_line' id='line_1_52' title="bbox 94 5587 1517 5672; baseline 0.002 -1"><span class='ocrx_word' id='word_1_635' title='bbox 94 5603 384 5672; x_wconf 70' lang='lat' dir='ltr'><strong>Merseraons.</strong></span> <span class='ocrx_word' id='word_1_636' title='bbox 410 5604 566 5672; x_wconf 70' lang='lat' dir='ltr'><strong>vontv.</strong></span> <span class='ocrx_word' id='word_1_637' title='bbox 946 5659 954 5672; x_wconf 87' lang='lat'>.</span> <span class='ocrx_word' id='word_1_638' title='bbox 1224 5587 1277 5662; x_wconf 68' lang='lat'><strong>43</strong></span> <span class='ocrx_word' id='word_1_639' title='bbox 1430 5645 1436 5652; x_wconf 94' lang='lat'>·</span> <span class='ocrx_word' id='word_1_640' title='bbox 1511 5623 1517 5636; x_wconf 89' lang='lat'><strong>·</strong></span> 
     </span>
    </p>
   </div>
   <div class='ocr_carea' id='block_1_5' title="bbox 0 0 2386 6263">
    <p class='ocr_par' dir='ltr' id='par_1_6' title="bbox 0 0 2386 6263">
     <span class='ocr_line' id='line_1_53' title="bbox 0 0 2386 6263; baseline 0 0"><span class='ocrx_word' id='word_1_641' title='bbox 0 0 2386 6263; x_wconf 95' lang='lat' dir='ltr'><strong> </strong></span> 
     </span>
    </p>
   </div>
  </div>
 </body>
</html>
