4760 6262
275 301 353 388 ur
772 319 776 328 ¹
839 303 1275 388 uersrouruuu
1325 307 1434 401 um,
1467 275 1569 434 vus
1623 307 1755 397 1641.
1794 297 1798 306 '
1902 401 1905 414 ,
2222 293 2295 406 so'

287 512 356 588 No·
372 509 487 589 2253·
1097 527 1156 590 29·
1174 519 1260 591 M·
1325 483 1407 556 aula
1424 481 1560 560 Vestra.
1618 484 1765 558 Nostros
1784 487 1977 560 sententias
1999 489 2103 562 etiam
2122 491 2283 590 aliquado
2358 485 2359 498 ¹

282 609 496 649 νυν
1092 611 1265 642 ww·-
1324 586 1497 658 videndas
1512 588 1668 676 mittam,
1693 602 1734 660 ut
1748 590 1868 662 videas
1886 593 2065 664 moderate
2084 617 2147 666 nos
2166 621 2285 694 respon.

576 653 651 798 10.Ι
670 711 974 802 Weinlaubiffi
1324 689 1418 758 disse
1427 685 1468 784 ³).
1519 687 1710 780 Negotium
1724 693 1845 782 generi
1862 693 1934 784 mei
1946 692 2072 766 Sabini
2084 697 2129 766 de
2148 705 2285 776 accessio

1323 813 1380 878 ne,
1405 815 1513 886 quam
1528 789 1793 868 Illustrissirnus
1809 793 1980 888 Princeps
1994 796 2028 866 ei
2042 797 2198 888 decrerit,
2220 802 2286 876 Tibi

340 911 378 968 tiz
391 922 455 968 suso
474 929 497 964 r.
514 906 543 964 in
558 909 621 968 cod.
634 907 707 966 seii.
719 909 817 968 Diod.
833 929 878 983 ep.
893 911 937 966 aa.
957 908 1027 964 ectu
1049 909 1077 964 in
1096 909 1272 982 Wegsctei-
1322 892 1372 964 ita
1387 895 1617 980 commendo,
1642 909 1684 966 ut
1697 918 1910 990 magnopere
1925 921 2034 980 orem,
2060 899 2286 992 utperfici'run

374 981 433 1118 te}
455 972 787 1120 scu.¹.¹muu²;⁴·
806 977 1272 1120 irradiatura
1323 1017 1434 1070 cure·
1479 993 1562 1068 sa.
1579 993 1633 1066 r.
1647 1021 1686 1068 ee
1703 999 1833 1072 virtute
1847 999 2048 1092 praeditum
2061 1024 2150 1088 esse.
2172 1003 2288 1078 uiue

375 1119 510 1174 bsbeutur
550 1137 633 1196 manu
653 1115 724 1172 Phili
745 1116 773 1188 pi
791 1068 955 1188 descriptam
974 1117 1004 1170 iu
1024 1135 1105 1176 nsum
1125 1117 1206 1174 amici
1228 1124 1271 1186 (ut
1323 1096 1437 1168 olllcla
1454 1091 1674 1178 humanlbaie
1690 1101 1866 1188 meliarls,
1892 1102 1974 1172 ltleo
1995 1125 2071 1172 11011
2091 1104 2207 1176 dubito
2221 1107 2287 1180 Tibi

371 1186 493 1255 viderur)
510 1154 591 1241 ΒΜ
609 1186 638 1241 ³¹¹
649 1187 713 1242 ⁰⁰⁶·
728 1136 844 1258 li‘ldlss·
858 1183 971 1240 V‘ffl’l
993 1185 1054 1240 V⁰¹·
1071 1185 1119 1241 ¹¹¹·
1323 1199 1407 1270 talia
1432 1199 1573 1289 negotia
1594 1203 1852 1278 commendare.
1920 1191 2000 1274 Etsi
2024 1219 2139 1279 autem
2153 1208 2288 1280 fortunae

1278 1371 1287 1382 ,
1323 1301 1494 1372 tenuitate
1513 1302 1746 1394 impedimur,
1772 1329 1844 1398 quo
1861 1304 1981 1376 minus
1998 1305 2084 1378 Tibi
2098 1309 2288 1401 optimeme-

277 1361 373 1438 Vs'ro
400 1359 611 1434 clarissimo
637 1370 669 1434 ci
705 1362 852 1458 egregia
881 1361 1012 1434 uirtute
1040 1373 1072 1434 ei
1102 1357 1270 1434 doctrina

268 1459 440 1564 praedito
455 1459 508 1539 D.
529 1459 746 1536 Iohanni
766 1461 1053 1554 Wcirsluub,
1077 1457 1272 1541 Consiliu-

307 1567 364 1639 rio
389 1562 654 1640 illustrissimi
672 1563 859 1639 Electoris
878 1561 1143 1656 Marcianis,
1166 1591 1236 1638 suo

716 1693 846 1747 amico.

268 1811 315 1906 S·
340 1831 387 1906 D.
437 1825 518 1902 Etsi
533 1841 680 1926 propter
694 1825 913 1898 luxationem
929 1827 1070 1898 dextrae
1094 1853 1169 1910 raon
1192 1828 1269 1898 sine

269 1937 428 2008 cruciatu
439 1933 615 2004 calamum
630 1929 809 2020 guberno,
834 1941 965 2014 tamen,
990 1954 1071 1998 cum
1087 1933 1180 2022 apud
1193 1927 1269 2002 Sa-

268 2033 399 2108 binum
422 2035 513 2106 forte
537 2032 732 2116 audissem,
769 2029 941 2124 postridie
964 2055 1070 2101 mane
1095 2032 1230 2104 iturum
1239 2027 1269 2132 ¹)

271 2165 345 2214 csse
366 2135 590 2212 tabellarium
608 2137 651 2204 ad
670 2133 768 2220 Vos,
800 2131 917 2204 subito
940 2128 1034 2202 hauc
1059 2136 1105 2205 ad
1118 2133 1173 2205 Te
1193 2135 1270 2228 epi-

269 2245 397 2316 stolam
422 2234 558 2338 scripsi.
591 2231 712 2314 ,Nihil
726 2237 920 2330 imperator
934 2223 1098 2306 Carolus
1121 2237 1161 2306 in
1182 2263 1270 2308 cou-

269 2359 381 2426 uentu
394 2341 495 2435 prius
507 2340 684 2430 agendum
699 2337 856 2436 putavit,
882 2363 987 2432 quam
1005 2339 1047 2409 de
1063 2352 1269 2412 controver-

269 2448 331 2518 siis
345 2439 600 2529 ecclesiasticis.
625 2437 750 2512 Cetera
765 2441 906 2530 negotia
923 2439 1151 2516 differuntur.
1175 2440 1269 2512 Fue·

269 2563 356 2622 runt
373 2560 492 2617 autem
509 2543 636 2614 delecti
654 2567 731 2626 scr,
755 2543 819 2635 qui
841 2544 884 2612 dc
910 2541 1133 2632 dogmatibus
1157 2543 1269 2616 collo-

268 2664 482 2746 querentur,
512 2641 658 2730 Iulr'us,
683 2639 839 2726 Eccius,
865 2635 1052 2740 Groperus
1074 2642 1271 2718 Colonien-

269 2755 337 2836 sis,
363 2738 548 2828 Bicerus,
574 2740 759 2818 Pistorius
776 2739 1009 2844 Hessiacus·)
1027 2761 1063 2817 et
1077 2771 1153 2838 ego.
1195 2746 1271 2818 lm-

268 2867 411 2948 perator
426 2853 529 2922 iussit
541 2851 646 2922 nobis
661 2843 821 2919 exhiheri
837 2847 989 2934 librum,
1012 2849 1075 2943 qui
1089 2851 1271 2923 videretur

268 2959 319 3028 ita
340 2955 509 3048 scriptus,
541 2967 582 3023 ut
609 2951 853 3022 moderatione
879 2951 1032 3046 quadam
1064 2965 1269 3024 controver-

269 3055 339 3130 sias
354 3057 504 3129 tolleret.
561 3037 744 3126 Et'lateor
764 3055 938 3147 quaedam
957 3047 1068 3124 luisse
1088 3057 1270 3128 moderate

270 3178 304 3232 et
321 3159 506 3238 commode
519 3157 559 3228 in
573 3181 615 3228 eo
629 3157 770 3250 scripta.
820 3151 875 3225 De
888 3155 1134 3227 iustificatione
1143 3153 1174 3254 ²)
1189 3181 1270 3228 sen-

270 3263 420 3334 tentiam
433 3258 579 3356 probat,
605 3251 712 3354 quani
725 3283 792 3329 nos
808 3257 848 3328 in
868 3259 1022 3329 ecclesiis
1047 3261 1180 3330 nostris
1203 3261 1270 3331 do-

269 3387 402 3436 cemus.
452 3359 524 3435 Sed
546 3371 670 3458 'postca
695 3363 738 3431 de
761 3360 948 3432 autoritate
962 3363 1199 3456 synodorum,
1225 3365 1270 3434 de

271 3463 538 3540 enumeratione
561 3463 772 3534 delictorum
800 3461 962 3534 facienda
985 3463 1025 3532 in
1047 3464 1270 3536 confessione

270 3568 464 3664 quotannis
494 3568 589 3658 apud
613 3565 846 3650 sacerdotem,
884 3566 929 3635 de
962 3567 1270 3656 satisfactionibus,

270 3673 315 3742 de
329 3671 468 3766 privata
484 3668 608 3754 missa,
635 3679 752 3752 erant,
777 3689 867 3760 qnae
883 3687 949 3736 nos
974 3669 1171 3760 approbare
1194 3695 1270 3742 non

270 3773 470 3866 potuimus:
497 3771 652 3840 diximus
667 3769 776 3860 igitur
795 3781 933 3839 nostras
948 3770 1151 3845 sententias.
1194 3770 1270 3844 lam

271 3886 493 3967 expectamus
505 3871 728 3964 imperatoris
742 3869 1035 3942 deliberationem
1045 3873 1191 3946 delibro
1206 3875 1269 3946 illo

1329 2297 1400 2371 No.
1414 2295 1528 2378 2254.

1325 2397 1555 2434 Q

1322 1403 1416 1473 renti
1431 1405 1580 1474 reddere
1599 1405 1750 1494 gratiam
1771 1407 1966 1498 possimus,
1996 1421 2116 1480 tamen
2137 1411 2289 1504 polliceor,

1322 1504 1433 1574 animi
1473 1505 1727 1596 gratitudinem
1759 1531 1946 1603 nunquam
1980 1509 2087 1580 nubis
2117 1513 2289 1610 defuturam

1322 1629 1407 1682 esse.
1440 1605 1555 1678 Valde
1572 1632 1655 1695 oro,
1679 1623 1721 1680 ut
1738 1604 1830 1680 banc
1844 1635 1919 1680 rem
1937 1611 2058 1704 perfici
2073 1637 2180 1690 cures.
2214 1613 2307 1684 Bene‘

1322 1709 1410 1786 vale.
1442 1706 1512 1780 Die
1526 1712 1588 1786 29.
1608 1709 1698 1782 Maii
1714 1707 1934 1784 Ratisbonae
1952 1709 2063 1789 1641.

1838 1839 2029 1940 Philippus
2043 1846 2253 1922 Melanthos.

2127 2326 2181 2398 at.
2206 2317 2274 2382 llaii.

2103 2404 2287 2458 *Off-u

1349 2521 1548 2612 Articuli
1560 2524 1905 2612 Proiectuuiium
1924 2521 2108 2616 Cursori
2122 2469 2272 2613 uodiil

1389 2717 1498 2775 Prodiit
1518 2717 1574 2773 boc
1592 2717 1725 2791 scriptum
1745 2719 1827 2775 latine
1844 2720 1873 2776 iu
1886 2721 2019 2780 Melantls.
2039 2723 2117 2780 Actis
2135 2721 2163 2778 in
2176 2719 2293 2778 Conventa

1421 2789 1524 2844 Rsrtsb.
1544 2789 1598 2842 tis.
1610 2787 1652 2846 M.
1669 2789 1696 2843 1.
1712 2801 1739 2843 et
1755 2789 1843 2843 eiusd.
1857 2809 1922 2862 opp.
1942 2791 1977 2848 T.
1992 2791 2039 2848 Ν.
2057 2812 2088 2866 p.
2099 2789 2161 2847 tei.
2200 2789 2258 2842 ltera
2272 2788 2293 2838 is

1422 2857 1521 2912 Buceri
1542 2857 1618 2912 Actis
1637 2857 1794 2912 Conventus
1812 2857 1915 2916 Retisb.
1935 2859 2010 2933 (lat.)
2028 2881 2055 2935 p.
2070 2863 2115 2915 99.
2132 2887 2169 2901 ·-
2199 2857 2292 2912 Gerros·

1370 2959 1374 2966 -
1424 2927 1486 2982 uice
1505 2927 1535 2980 iu
1548 2925 1648 2981 Buceri
1661 2925 1738 2980 Actis
1752 2925 1857 2984 Ratira.
1879 2948 1999 3002 german.
2017 2949 2044 3003 p.
2057 2930 2104 2986 72.
2119 2938 2149 2986 et
2168 2947 2196 2982 es
2215 2923 2259 2980 illis
2273 2924 2294 2976 in

1424 2993 1579 3078 llortlederi
1592 2995 1663 3049 libro
1677 3013 1740 3078 rom
1754 2996 1901 3078 deutschen
1918 2999 2018 3084 Kriege
2038 2999 2074 3054 Τ.
2094 2999 2117 3056 l.
2135 2997 2181 3052 lib.
2194 2995 2215 3050 l.
2230 3013 2251 3050 c.
2262 2991 2294 3046 il·

1425 3059 2295 3216 terrenitateadtumulata:

1425 3201 1506 3256 tbous
1520 3202 1693 3258 christlrcbeu
1731 3201 1853 3267 edcpbers
1872 3224 1900 3278 p.
1917 3205 1976 3260 169.
1995 3209 2073 3261 cuius
2087 3223 2156 3262 vero
2169 3221 2245 3258 sersso
2262 3219 2294 3254 se·

1446 3271 1520 3326 uitur
1538 3281 1639 3324 testum
1661 3271 1791 3339 latinum,
1823 3279 1853 3325 ut
1875 3273 1964 3328 editus
1983 3283 2024 3330 est
2042 3271 2256 3330 s'Melsntbone.
2268 3299 2295 3311 -·
2363 3299 2364 3302 ¹

1421 3289 1561 3412 §criptum
1573 3341 1627 3396 boc
1641 3338 1849 3402 listlsutbouem
1862 3340 1942 3398 babet
1953 3355 2117 3418 auctorem,
2135 3341 2180 3414 qui
2193 3340 2253 3396 illud
2262 3337 2295 3392 ls-

1422 3409 1479 3464 tine
1492 3422 1519 3465 ct
1533 3411 1686 3482 germanice
1699 3408 1870 3484 conscripsit.
1901 3409 1996 3482 Quum
2011 3423 2106 3468 auteur
2119 3409 2234 3483 singulae
2245 3426 2294 3482 par·

1425 3488 1465 3534 tes
1476 3479 1595 3551 primum
1609 3477 1701 3560 lingua
1715 3476 1797 3534 latins
1813 3479 1995 3554 scripts'sint‚
2017 3491 2120 3536 textum
2141 3481 2246 3536 latinum
2259 3495 2295 3530 so·

1424 3548 1483 3611 lum
1497 3549 1561 3602 dare
1574 3545 1683 3618 placuit.
1702 3579 1741 3592 -
1775 3547 1965 3620 Compositusn
1980 3567 2047 3610 vero
2062 3561 2104 3608 est
2122 3550 2176 3606 boc
2186 3547 2295 3618 scriplum

1422 3636 1452 3672 er
1471 3615 1595 3689 pluribus
1614 3614 1806 3686 brevioribus,
1830 3637 1930 3690 quaes
1950 3619 2129 3676 Melanthone
2147 3617 2177 3673 iu
2197 3617 2295 3688 disputa·

1424 3685 1499 3741 tione
1512 3701 1575 3741 cnm
1589 3683 1728 3740 catholicis
1741 3684 1774 3738 de
1788 3686 1859 3742 libro
1867 3685 1987 3770 Cpesaris
1999 3699 2105 3745 essrsts
2116 3689 2231 3772 iuersnt,
2244 3703 2296 3755 qus-

1426 3752 1855 3880 iitiitiiiibiiiit'l?
1865 3773 1917 3878 il.¹
1954 3756 2297 3894 libiffiiiilai
2362 3809 2363 3814 ‘

1426 3894 1454 3947 in
1469 3892 1543 3947 Actis
1556 3891 1635 3946 buius
1650 3902 1802 3950 conventus
1815 3895 2022 3966 manuscriptis,
2045 3905 2078 3950 ut
2093 3893 2195 3950 ridebis
2211 3893 2235 3946 in
2253 3891 2297 3944 sin·

1463 3961 1495 4019 lis
1514 3961 1583 4020 locis
1603 3981 1627 4014 s.
1647 3961 1779 4020 articulis·
1831 3961 2003 4044 Disputatuus
2021 3965 2095 4025 enisu
2118 3972 2159 4018 est
2177 3962 2233 4019 inde
2250 3979 2262 4014 s
2277 3959 2297 4010 d.
2362 4019 2363 4024 .

1442 4029 1533 4086 .Maii
1551 4030 1609 4084 lere
1627 4049 1712 4101 usque
1732 4021 1769 4084 ael
1779 4031 1824 4086 26.
1836 4031 1904 4086 Mari
1925 4051 1989 4087 cum
2009 4031 2153 4090 catholicis
2173 4031 2298 4086 delibera

1424 4099 1538 4157 Caesare
1555 4099 1714 4172 proposito,
1739 4107 1765 4152 ct
1777 4100 1851 4154 fruita
1870 4098 2054 4174 disputatione
2070 4103 2105 4156 de
2117 4097 2226 4174 singulis
2238 4097 2298 4156 locis,
2362 4131 2363 4138 ³

1423 4168 1578 4239 Evangelici
1595 4186 1671 4221 susm
1688 4168 1759 4222 libro
1772 4168 1936 4224 addiderunt
1948 4170 2172 4228 declarationem.
2207 4167 2240 4222 ils
2252 4163 2299 4236 cpi·
2363 4213 2364 4238 ἒ

1424 4237 1501 4292 stolis
1515 4247 1542 4292 et
1556 4235 1616 4292 aliis
1629 4237 1736 4310 scriptis
1754 4235 1929 4310 intelligitur,
1951 4241 2084 4312 scriptum
2100 4241 2136 4296 A.
2147 4243 2183 4294 de
2193 4235 2299 4292 Ecclesia

1422 4305 1523 4361 iactum
1542 4323 1600 4360 esse
1620 4303 1677 4360 iere
1697 4305 1723 4360 d.
1735 4303 1759 4359 5.
1773 4305 1855 4370 Maii;
1883 4307 2017 4380 scriptum
2037 4307 2070 4364 B.
2084 4312 2122 4362 de
2142 4313 2299 4362 sncromeatv
2363 4307 2364 4314 ’

1425 4377 1884 4505 testamcutum
1898 4377 1937 4500 a·
1950 4371 2300 4506 lectisternii
2363 4463 2364 4472 a

1612 4483 1621 4512 2
1873 4483 1882 4500 ⁰
1931 4484 1939 4500 ·
2029 4485 2038 4509 s
2091 4484 2100 4502 ⁸
2293 4476 2299 4489 “

1427 4517 1456 4566 sis
1468 4515 1634 4567 articulosis
1645 4513 1836 4580 paenitentia,
1862 4523 1888 4568 et
1907 4517 1943 4569 D.
1963 4519 1998 4568 de
2017 4519 2229 4569 enumeraturus
2243 4510 2299 4562 deli·
2363 4509 2364 4564 ἶ

1424 4589 1534 4648 starum
1548 4593 1602 4640 etc.
1618 4584 1684 4638 item
1699 4587 1734 4636 sie
1745 4583 2003 4652 rainowardus,
2029 4585 2057 4640 d.
2075 4587 2118 4640 ta.
2135 4583 2215 4645 Maru
2234 4581 2261 4634 E.
2273 4581 2300 4629 de
2362 4591 2364 4666 p

1428 4651 1691 4708 um'tutsEcslcsiae
1708 4660 1760 4706 etc.
1797 4649 1831 4705 F.
1845 4651 2021 4723 assamur,
2053 4653 2091 4708 G.
2111 4658 2148 4708 ds
2165 4654 2262 4710 uuam.
2281 4655 2300 4697 ²¹
2362 4677 2364 4744 Ι

1428 4717 1460 4772 ll.
1478 4723 1512 4772 de
1524 4723 1638 4786 priuato
1653 4719 1744 4772 urim
1757 4731 1809 4773 etc.
1823 4722 1918 4776 tradita
1933 4741 1989 4776 csse
2006 4723 2033 4776 d.
2047 4719 2094 4777 2⁵:
2106 4723 2191 4790 Mati,
2207 4731 2229 4774 et
2239 4717 2261 4772 J.
2273 4717 2300 4766 ds
2363 4755 2364 4778 i

1425 4791 1600 4843 coeb'iatud.
1613 4789 1657 4844 2⁶.
1670 4787 1746 4844 Maii.
1762 4819 1800 4832 ·-·
1833 4789 1959 4862 lienique
1979 4801 2067 4846 sutem
2086 4791 2139 4848 isse
2157 4787 2301 4860 declsrstio·¹
2363 4791 2364 4806 ³

1422 4853 1609 4982 taraci-¹¹²
1625 4855 1926 5050 iesaperu*
1947 4859 2062 4983 “ria
2078 4869 2143 4982 ‘aa
2161 4859 2300 4996 'maie
2362 4839 2364 4946 ἱ

1441 4969 1450 4986 .
1496 4963 1506 4982 .
1552 4946 1596 4981 an.
1662 4963 1669 4980 .
1765 4946 1845 4981 usum
1873 4947 1965 5002 uipera
1979 4947 2033 4982 orss
2065 4971 2073 4987 .
2107 4947 2188 4982 .nn.
2294 4955 2300 4971 ·
2363 4959 2364 4974 .

1427 4997 1460 5050 sd
1481 4995 1636 5050 Medlerum
1656 4993 1684 5050 d.
1704 4997 1722 5050 1
1742 5032 1750 5048 .
1767 4995 1845 5062 lusu,
1876 4998 1940 5054 item
1962 4999 2040 5082 epist.
2062 4997 2214 5054 Burclsardi
2232 4993 2255 5046 d.
2265 4991 2300 5044 16.

271 3977 359 4048 etde
368 3974 499 4046 nostris
508 3975 702 4044 sententiis.
739 3969 856 4043 Credo
870 3973 1096 4068 imperatoris
1109 3975 1270 4048 animum

271 4093 399 4150 natura
413 4102 433 4146 a
445 4076 588 4147 saevitia
598 4070 790 4145 abhorrere
800 4087 835 4144 et
843 4087 964 4168 optare
973 4099 1049 4146 non
1056 4075 1173 4148 solum
1182 4103 1271 4150 con·

232 4205 238 4212 ·
271 4181 442 4261 cordiam,
451 4179 512 4248 sed
521 4177 627 4250 etiarn
641 4175 805 4247 ecclesiae
814 4201 1038 4250 communem
1047 4179 1271 4252 reformatio-

271 4305 365 4354 nem.
387 4281 458 4353 Sed
466 4303 522 4350 res
530 4292 650 4350 tantae
658 4301 733 4348 non
743 4291 890 4370 possunt
899 4280 1018 4352 subito
1026 4281 1160 4373 perfici,
1168 4307 1271 4374 prac-

271 4385 394 4456 sertim
406 4407 487 4454 cum
495 4381 668 4475 pontificii
677 4381 815 4452 viribus
823 4393 940 4452 etarte
949 4381 1132 4453 obsistant.
1153 4381 1270 4458 Deum

273 4507 432 4569 oremus,
457 4499 496 4555 ut
519 4497 554 4554 et
567 4482 790 4574 imperatoris
806 4482 965 4552 animum
981 4485 1153 4574 gubernet
1166 4501 1202 4558 et
1214 4511 1271 4558 ec-

273 4589 414 4664 clesiam
439 4607 538 4668 suam
559 4598 673 4659 servet
697 4607 737 4656 ac
757 4593 892 4675 augeat.
943 4583 1063 4656 Habes
1085 4581 1270 4660 historiam
1318 4637 1322 4644 ·

274 4688 456 4772 omnium,
488 4706 577 4780 quae
599 4682 769 4756 hactenus
800 4686 837 4754 in
869 4701 1048 4760 conventu
1078 4703 1153 4760 acts
1177 4707 1272 4772 sunt.

273 4789 444 4876 Librum,
483 4789 527 4862 de
551 4813 621 4884 quo
644 4788 779 4872 scribo,
817 4789 948 4858 vidisse
970 4789 1024 4860 Te
1049 4792 1205 4864 arbitror
1231 4795 1271 4866 in

1424 5063 1502 5147 binii.
1530 5065 1662 5120 Dedimus
1677 5074 1702 5120 et
1716 5062 1760 5148 bic
1771 5084 1803 5147 es
1814 5069 1914 5148 scripta
1929 5077 2077 5126 coniuncta
2086 5106 2097 5136 ,
2118 5080 2147 5146 up
2161 5063 2301 5138 ,rodem
2363 5077 2364 5090 ,

1425 5133 1807 5188 tnlsbrismodononunatrs'.
2129 5141 2134 5150 ·

310 5156 338 5216 1)
356 5157 463 5206 iterum
471 5147 554 5204 edidit
568 5145 709 5222 Wegseb.

309 5251 461 5323 vianna.
481 5251 636 5322 Pistorius,
660 5245 892 5320 Super-intendens
906 5253 1067 5325 Niddeusis,
1091 5267 1170 5313 natus
1186 5259 1273 5332 1501,

344 5332 428 5374 mort.
450 5317 539 5388 1583,
561 5319 608 5370 ·de
626 5337 681 5390 quo
701 5319 738 5378 cl.
761 5319 892 5374 Striedcr
911 5321 1052 5381 liessiscbe
1071 5325 1272 5400 Gelebrteage-
1334 5339 1541 5360 ········-·····

342 5389 473 5446 scbiclste.
491 5385 526 5440 Τ.
542 5385 629 5442 XVll.
646 5405 672 5450 p.
689 5387 747 5442 119.
783 5387 942 5458 (Wgscis.)

309 5491 336 5558 2)
355 5491 418 5544 lllst.
433 5487 518 5542 Reid.
530 5487 732 5556 surisculam.
1360 5499 1388 5568 3)
1406 5497 1457 5566 Hie
1473 5499 1572 5556 desinit
1586 5501 1648 5556 cod.
1664 5499 1749 5558 Relad.
