4764 6270
72 345 147 426 eos
238 329 248 354 ‘
628 311 1076 420 'urrsronsnou
1125 337 1363 422 einum
1415 337 1584 424 ιιιι..
2038 347 2115 422 eos

1 608 2 617 ἵ
69 535 103 596 et
122 517 289 614 ampleeti
313 517 439 593 esunt.
490 513 669 606 Quocirm
689 515 888 610 optandum
909 527 980 601 est,
1017 527 1068 600 ιιι,
1118 509 1153 584 si
1176 511 1264 608 qnid
1286 521 1383 588 recte
1405 537 1447 588 ac
1469 514 1528 608 pie
1549 515 1872 594 determinaretur?
1916 513 2010 602 Nan
2027 519 2116 592 serl-
2177 607 2182 618 ,

69 645 303 719 quaeeunque
319 608 483 710 nationes
504 611 639 695 Christi
658 641 791 692 nomen
810 618 943 711 pariter
959 617 1068 692 invo-
1119 614 1191 688 bisc
1217 615 1398 711 quicquid.
1450 615 1556 707 Quas
1569 633 1692 692 contra
1707 617 1891 694 Christum
1912 621 1969 694 vel
1992 621 2031 696 in
2055 643 2116 712 ge-

67 737 169 810 esnt,
191 725 235 796 'in
257 741 367 801 nuum
382 721 560 817 synodum
575 721 1009 806 commodemnneniant,
1033 735 1067 792 et
1118 717 1341 790 neralissimo
1369 721 1524 792 coneilio
1549 723 1717 798 concluse
1744 724 1896 810 fuerim,
1933 723 1996 794 illa
2021 737 2116 796 certe

67 827 252 904 commoni
274 826 424 901 consilio
449 825 496 898 de
516 823 743 915 repurganda
766 822 929 904 doctrina
953 835 989 898 et
1010 845 1065 898 sn
1117 819 1239 902 nulla,
1276 819 1379 894 irrite
1402 835 1438 894 et
1458 822 1581 896 inuia
1606 839 1707 912 snut;
1748 819 1784 898 a't
1807 849 1899 920 qnae
1918 827 2114 898 secunlum

67 943 336 1006 crementorum
346 923 655 1013 administratione
667 925 938 1020 muniendaeque
957 924 1066 998 disci·
1117 922 1267 994 verbnm
1294 923 1432 1006 donnini
1459 925 1518 994 vel
1541 927 1701 1018 privatus
1722 928 1852 1022 aliquis
1874 929 2008 998 nedum
2028 949 2114 1018 pro-
2223 1017 2228 1030 1

68 1031 169 1124 plina
181 1030 384 1105 deliberent
400 1029 439 1103 et
449 1039 618 1104 statuent.
666 1023 765 1105 Num¹
779 1026 912 1100 eisdam
930 1026 1067 1120 ubique
1117 1023 1255 1094 vinciae
1277 1027 1341 1096 aut
1362 1025 1520 1098 nationis
1542 1027 1703 1100 alicuius
1720 1029 1915 1102 concilium
1942 1028 2115 1114 statuerit,

65 1133 206 1206 morbis
224 1132 428 1215 laboratur,
469 1142 505 1203 et
525 1141 578 1203 est
595 1127 760 1206 omnium
784 1128 977 1204 electurum
996 1125 1064 1202 Dei
1116 1147 1157 1196 ea
1171 1127 1261 1198 adeo
1276 1150 1352 1198 non
1366 1129 1486 1214 nulla,
1519 1153 1593 1202 non
1610 1131 1711 1204 irrita
1724 1145 1789 1204 aut
1806 1131 1929 1204 inania
1951 1155 2025 1202 esse
2042 1154 2130 1234 un3

66 1257 139 1308 nna
159 1235 267 1320 tides,
305 1253 378 1306 une
402 1229 581 1316 Ειιιειίι,
610 1243 652 1304 ιιι
674 1243 729 1302 est
746 1253 862 1306 unum
880 1230 1066 1322 baptisans,
1116 1251 1223 1320 (ιιιιιιι
1240 1241 1427 1321 poterunt,
1460 1243 1502 1302 nt
1516 1232 1654 1304 coelom
1670 1247 1705 1306 et
1719 1247 1849 1306 terram
1867 1236 1968 1328 prius
1982 1233 2114 1304 immn-

65 1359 139 1410 nna
157 1329 293 1408 Christi
315 1334 497 1428 professio.
538 1325 718 1412 -Attanm
739 1331 770 1403 si
789 1331 881 1428 aliae
902 1333 1065 1406 nationes
1116 1329 1185 1399 tari
1204 1343 1383 1422 oporteat,
1409 1355 1517 1426 quarn
1539 1357 1579 1405 ea
1604 1335 1735 1408 mutari
1756 1335 1894 1428 possint
1915 1347 1978 1406 aut
2001 1337 2112 1406 inter-

64 1437 124 1510 vel
146 1440 310 1511 nondum
333 1431 410 1513 bun
432 1446 617 1508 vocantem
645 1433 832 1506 dominum
862 1434 1064 1517 memiana
1116 1429 1244 1506 cidere.
1302 1431 1392 1506 Tam
1413 1435 1527 1506 multa
1550 1436 1638 1511 olim
1660 1461 1725 1528 per
1746 1437 1941 1518 tintinnalia
1961 1437 2112 1514 concilia

64 1541 123 1610 vel
141 1540 244 1633 sequi
258 1563 364 1633 quem
380 1539 533 1612 andiunt
547 1535 686 1620 nolint,
712 1532 862 1606 debetne
884 1535 920 1608 id
940 1549 976 1610 et
996 1559 1064 1610 nos
1114 1531 1292 1630 insyria,
1318 1531 1485 1622 Graecia,
1508 1531 1683 1628 Apbrica,
1710 1537 1833 1624 ltalia,
1857 1537 1977 1614 Gallia
1994 1552 2030 1614 et
2042 1536 2112 1610 Hi-

63 1640 262 1726 remnrari,
287 1663 333 1710 ne
350 1641 395 1712 de
409 1639 653 1731 cognoscenda
677 1638 911 1732 assequenda
933 1638 1062 1710 volun·
1114 1635 1239 1728 spania
1253 1648 1375 1723 contra
1390 1637 1528 1716 inroras
1543 1635 1643 1726 Arii,
1666 1639 1953 1728 Donatistarum,
1979 1639 2111 1732 Pelagii

63 1755 138 1816 tate
160 1739 312 1814 Domini
340 1743 484 1814 tandem
511 1737 807 1818 convenissent,
843 1733 949 1812 Nihil
968 1741 1063 1812 enim
1115 1749 1151 1808 et
1174 1735 1328 1810 aliorum
1362 1730 1621 1813 baereticorum
1652 1744 1870 1822 sanctissime
1901 1744 2039 1820 decreta
2065 1743 2109 1812 de

62 1868 204 1916 novum
219 1845 384 1928 interra,¹
399 1845 461 1916 sed
483 1841 580 1938 quod
602 1855 654 1912 est
675 1840 846 1915 traditum
867 1841 1064 1936 antiquitus
1114 1839 1274 1912 moribus
1302 1835 1484 1916 Ecclesiae
1521 1843 1754 1937 saluberrime
1789 1845 1982 1921 constituta
2014 1857 2110 1930 ιιιιιι,

62 1961 246 2038 repetere,
285 1939 379 2016 nibil
407 1940 762 2019 nostraauctoritate
789 1955 961 2030 statuere,
999 1945 1060 2014 sed
1114 1964 1200 2016 eane
1215 1941 1311 2016 dices
1326 1944 1498 2032 tunnlla,
1517 1944 1621 2016 irrita
1636 1959 1672 2018 et
1686 1947 1809 2028 inania
1824 1947 1956 2025 sunsei

62 2071 193 2119 rursus
226 2045 392 2140 amplecti
424 2047 585 2140 cupimus
619 2045 715 2139 quod
746 2044 869 2118 statuit
893 2057 928 2120 et
952 2045 1063 2118 edixit
2091 2095 2095 2107 .

60 2145 235 2222 Christus
258 2151 304 2222 ab
333 2147 455 2234 initio,
486 2149 655 2242 quodque
683 2147 771 2215 adeo
799 2147 1060 2217 observandum
1213 2139 1334 2240 Atque
1347 2145 1502 2220 alienum
1517 2149 1675 2240 profecto
1690 2163 1725 2226 et
1748 2151 1794 2228 ab
1815 2161 1929 2228 aetate
1952 2161 2029 2227 eta
2051 2171 2108 2229 sa·

61 2243 253 2343 Apostoli,
291 2247 468 2346 Martyres
496 2262 532 2320 et
552 2247 589 2323 S.
614 2244 735 2318 Patres
762 2245 984 2334 indicarunt,
1021 2259 1062 2320 nt
1113 2243 1246 2340 pientia
1261 2262 1321 2318 tua
1336 2264 1399 2337 est,
1424 2253 1521 2344 quod
1536 2249 1744 2324 Pontificem
1761 2267 1866 2346 caput
1880 2249 2058 2324 Ecclesiae
2074 2261 2109 2321 et

59 2349 255 2426 anathema
277 2347 450 2424 haberent
471 2351 577 2424 etiam
600 2349 765 2440 angelum
785 2351 830 2422 de
851 2350 949 2422 coelo
975 2373 1060 2424 con·
1113 2349 1347 2422 conciliorum
1367 2351 1544 2428 nominas.
1594 2350 1760 2426 Delatum
1778 2355 1922 2448 quidem
1944 2354 2032 2426 olim
2056 2366 2108 2424 est

60 2455 198 2526 vellere
212 2454 349 2550 aliquid
369 2455 414 2524 de
435 2477 477 2524 eo
501 2451 724 2537 molientem,
752 2463 787 2522 et
808 2451 917 2522 vitam
939 2466 1062 2546 tyran·
1112 2450 1189 2520 sedi
1206 2447 1411 2537 Romanae,
1444 2477 1524 2522 curn
1549 2451 1589 2524 in
1613 2477 1652 2526 ea
1675 2457 1752 2526 veri
1773 2453 1871 2528 Petri
1892 2476 2107 2526 antecessores

57 2557 123 2628 nis
146 2579 257 2650 qnam
278 2555 335 2626 vel
361 2553 537 2648 apiculam
560 2555 604 2626 de
626 2575 668 2622 eo
690 2551 856 2646 cuiqnam
881 2553 1062 2624 remittere
1112 2553 1293 2638 sederent,
1325 2567 1366 2626 ut
1387 2553 1501 2646 prima
1526 2569 1633 2642 esset,
1666 2571 1701 2628 et
1716 2553 1893 2650 Episcopo
1910 2553 2037 2646 Rom„
2067 2567 2107 2626 ut

57 2659 225 2729 mellent.
275 2653 385 2728 Decet
405 2655 548 2755 quidem
565 2653 839 2750 quodomnium
856 2653 1001 2726 interest
1016 2655 1062 2728 ab
1113 2651 1207 2724 inter
1222 2649 1438 2745 patriarchas
1454 2657 1696 2748 praerogativa
1712 2654 1927 2730 authoritate
1941 2658 2106 2750 polleret:

55 2759 237 2831 omnibns
250 2758 434 2830 constituis
464 2771 521 2844 at,
552 2757 583 2826 si
604 2753 667 2826 alii
688 2755 824 2842 nolint,
854 2757 991 2826 nemini
1008 2771 1081 2852 ta·=
1112 2767 1148 2850 al
1168 2768 1275 2846 capnt
1302 2772 1466 2830 vocatum
1486 2753 1665 2830 Ecclesiae
1685 2771 1720 2830 et
1742 2758 1988 2832 Concilionun
2010 2760 2106 2850 apud

56 2885 151 2934 men
173 2863 222 2932 ob
247 2860 284 2930 id
305 2859 427 2932 licebit
450 2859 568 2930 deesse
590 2857 707 2930 officio
729 2879 813 2942 suo,
844 2861 941 2952 quod
958 2859 1062 2930 debet
1112 2879 1219 2949 quem
1234 2879 1412 2952 unquam,
1437 2871 1476 2928 *te
1496 2883 1646 2952 quaeso,
1670 2859 1818 2934 Petrum
1831 2861 1969 2952 legisti?
2008 2857 2105 2950 Ergo

54 2961 249 3038 Servatori
274 2985 338 3034 suo
360 2975 394 3034 et
406 2957 584 3032 Ecclesiae
597 2955 682 3031 Dei:
716 2959 853 3030 nemini
874 2960 1061 3052 negligere,
1112 2981 1157 3028 ne
1171 2957 1238 3030 ista
1252 2953 1370 3032 adhuc
1384 2961 1423 3032 in
1439 2972 1535 3035 muta
1549 2957 1737 3052 Evangelii
1753 2965 1831 3036 luce
1845 2965 2008 3034 omnium
2026 2961 2106 3032 ani·

55 3067 162 3161 quod
183 3063 353 3135 dominus
368 3063 525 3134 iniunxit
540 3063 729 3147 omnibus,
759 3073 796 3132 et
814 3061 891 3132 sine
912 3087 983 3158 quo
1003 3085 1061 3132 re-
1112 3082 1190 3132 mos
1206 3073 1239 3132 et
1255 3063 1488 3134 conscientias
1503 3077 1575 3134 tam
1591 3066 1718 3136 aeriter
1734 3066 1883 3138 feriente
1895 3067 2023 3136 iactare
2040 3088 2105 3134 au-

54 3167 175 3241 tineri
196 3165 308 3256 gratia
330 3163 400 3237 Dei
420 3187 495 3236 non
516 3177 642 3258 potest.
706 3160 814 3234 Nulla
839 3163 936 3233 enim
962 3161 1059 3237 santa
1112 3161 1225 3232 detis?
1274 3158 1439 3238 Christus
1454 3189 1548 3237 unus
1563 3179 1598 3238 et
1618 3167 1715 3242 solus
1730 3163 1908 3240 Ecclesiae
1929 3173 2034 3260 eaput
2055 3179 2106 3238 est
2160 3157 2174 3168 ’

53 3273 162 3341 iuter
175 3265 340 3340 homines
355 3265 501 3339 societas
516 3289 590 3337 esse
604 3278 738 3358 potest,
766 3277 809 3336 ut
828 3263 873 3338 sit
892 3263 1059 3358 cuiqnam
1111 3273 1146 3334 et
1171 3277 1291 3336 manet
1320 3265 1360 3336 in
1391 3279 1593 3354 aeternum3
1630 3265 1764 3345 Paulus
1787 3283 1926 3355 antem,
1960 3265 2105 3360 Apollo,

54 3393 171 3444 eausa
204 3371 382 3441 sociorum
413 3369 649 3440 offendendus
673 3365 772 3439 Deus
801 3377 837 3438 et
862 3365 1060 3442 abiicienda
1110 3359 1250 3456 Cephea
1261 3365 1418 3443 ministri
1433 3365 1613 3442 Ecclesiae
1626 3384 1722 3445 sunt.
1770 3367 1820 3446 Et
1841 3385 1881 3450 tu
1903 3385 1974 3444 ιιιιιι
1999 3369 2106 3448 dissi-

52 3475 137 3546 uita
161 3485 317 3548 aeterna.
376 3467 474 3542 lstod
498 3485 615 3542 autern
639 3491 708 3540 nos
729 3482 826 3541 certo
854 3469 1060 3556 taceremus,
1110 3465 1231 3538 milem
1245 3459 1304 3538 bis
1318 3461 1502 3545 bominem
1516 3484 1663 3566 propter
1674 3485 1884 3568 usurpatum
1904 3473 2049 3546 titulum
2072 3483 2107 3544 et

52 3577 87 3648 si
109 3577 156 3646 in
175 3573 347 3645 confessis
362 3571 531 3646 abnn'bns
545 3585 579 3644 et
595 3571 693 3644 vitiis
708 3593 932 3666 perseverare
950 3571 1060 3642 velle-
1110 3568 1366 3640 successionem
1383 3572 1477 3644 sedis
1490 3567 1631 3665 Cepbae
1645 3587 1751 3668 caput
1764 3571 1943 3647 Ecclesiae
1958 3588 1994 3646 et
2006 3571 2106 3646 Con-

51 3701 144 3752 mus
165 3687 371 3769 propterea,
407 3677 503 3772 qnod
529 3673 619 3748 aliae
640 3673 805 3748 nationes
826 3667 957 3744 borum
980 3697 1060 3747 cor·
1109 3667 1275 3742 ciliorum
1295 3671 1410 3745 faeere
1429 3675 1566 3746 audes?
1597 3677 1768 3762 mxime,
1800 3701 1881 3748 eum
1900 3677 1989 3750 adeo
2010 3670 2105 3745 nihil

49 3780 280 3861 rectionem,
319 3777 376 3848 rel
404 3784 466 3850 sna
492 3775 551 3848 rel
575 3773 728 3846 aliorum
751 3789 813 3848 ant
836 3773 1059 3867 ignoratione
1107 3772 1230 3854 obem
1255 3777 1352 3867 quod
1367 3777 1425 3848 vel
1438 3777 1680 3848 ministerialis
1697 3777 1821 3870 capitis
1835 3779 1899 3864 sit,
1920 3773 2106 3848 adEccle-

47 3897 122 3954 aut
138 3879 333 3972 cupiditate
350 3877 555 3972 irnpeditae,
579 3873 776 3954 differrent.
822 3875 977 3948 Possunt
991 3877 1059 3966 igi·
1109 3873 1183 3946 sias
1202 3891 1403 3968 permanet,
1432 3881 1494 3949 sed
1515 3881 1692 3950 eonnaria
1716 3879 1849 3956 omnia.
1904 3877 1953 3952 Et
1976 3879 2015 3950 in
2037 3873 2105 3948 hac

47 4001 121 4056 tur
143 3981 225 4054 iure
249 4005 289 4052 ac
311 3977 441 4054 debent
463 3979 582 4050 officio
605 3991 640 4048 et
657 3975 831 4050 Germani
851 3993 887 4052 et
909 3978 1059 4073 quilibet
1110 3975 1185 4068 ipsa
1204 3999 1310 4048 eausa
1332 3979 1417 4052 vide
1439 4005 1546 4074 quem
1571 3981 1663 4050 male
1687 3982 1810 4054 landes
1830 3995 1932 4054 tuum
1953 3979 2104 4052 Pontifi-

44 4085 121 4158 alii
155 4082 304 4178 populi,
347 4079 559 4176 simulatque
589 4079 725 4174 aliquid
757 4079 796 4150 in
826 4079 1059 4171 religionibus
1110 4101 1198 4153 cem.
1247 4075 1385 4152 Namst
1408 4082 1653 4154 molestissime
1675 4083 1811 4154 latonas
1835 4097 1904 4168 est,
1936 4083 1966 4152 si
1990 4083 2105 4175 pinet

43 4189 157 4280 apud
176 4207 215 4256 se
230 4178 393 4256 vitiatum
411 4181 659 4274 cognoverint,
682 4203 788 4276 qnam
806 4183 1056 4274 primumcum
1111 4181 1304 4252 mcesssria
1319 4181 1358 4252 in
1376 4198 1495 4256 nemra
1512 4184 1659 4256 natione
1671 4188 1829 4281 synodus
1844 4179 2033 4270 habeatnr,
2055 4185 2104 4256 ita

43 4286 436 4384 provincialibnstum
457 4283 700 4357 nationalibus
721 4283 884 4378 synodis,
916 4297 951 4356 et
971 4309 1059 4378 qusi-
1110 4281 1365 4354 utinstitntons
1381 4299 1452 4372 est,
1477 4287 1650 4379 adquam
1673 4309 1748 4358 rem
1774 4310 1899 4378 urgere
1919 4287 1982 4356 ille
2002 4309 2104 4358 ιιιιιι·

44 4413 208 4482 nanque
229 4389 372 4458 demum
397 4387 454 4458 via
476 4399 509 4456 et
524 4387 662 4458 ratione
680 4387 901 4458 commodius
919 4399 1059 4479 queant,
1110 4383 1234 4473 primis
1248 4385 1420 4472 debebat,
1451 4409 1545 4460 anne
1561 4411 1728 4480 quaerere
1742 4393 1879 4472 studet,
1908 4413 1998 4482 qliae
2019 4410 2104 4458 oves

42 4509 96 4566 ιιι
115 4492 154 4562 id
174 4503 337 4574 sanetur,
367 4501 403 4560 et
424 4487 462 4560 in
477 4483 644 4560 Ecclesiis
659 4483 780 4559 omnia
795 4489 930 4558 sincera
948 4501 983 4558 et
999 4487 1057 4556 in·
1106 4479 1243 4556 Christi
1265 4487 1499 4576 aberrarunt,
1538 4490 1697 4578 obligare
1720 4515 1810 4584 quae
1829 4492 1965 4585 aliquid
1990 4491 2103 4579 frege-

41 4613 159 4686 tegra
183 4591 257 4666 sint
278 4603 316 4660 et
336 4603 612 4674 conserventur,
646 4611 822 4664 summam
845 4611 966 4662 curam
990 4590 1058 4658 im-
1110 4585 1221 4657 runt?
1252 4591 1480 4678 confirmare,
1512 4615 1601 4684 queam
1625 4592 1761 4662 debiles
1784 4593 1891 4664 sunt?
1933 4592 2010 4666 sea
2028 4615 2104 4662 rne-

37 4699 232 4794 pendere.
280 4689 362 4766 Hoc
377 4705 413 4766 st
429 4692 521 4764 veris
530 4685 570 4786 ¹)
582 4687 791 4762 Canonibus
807 4691 857 4762 ita
871 4687 1058 4774 sancitum,
1109 4711 1245 4760 morem
1265 4713 1464 4768 monemus.
1525 4690 1703 4764 Dominus
1727 4691 1824 4766 lesus
1846 4694 2018 4784 largiatur
2040 4707 2102 4762 aiut

36 4815 85 4872 et
113 4823 137 4870 a
160 4795 292 4870 sanctis
313 4793 399 4869 olim
420 4791 586 4867 Patribus
608 4791 809 4882 religioetse.
832 4794 1056 4869 observatum
1109 4790 1211 4860 vobis
1236 4791 1305 4862 alia
1334 4795 1519 4866 consulere
1548 4808 1611 4866 aut
1637 4795 1785 4876 nostris,
1828 4819 1874 4866 oe
1896 4797 1962 4868 ista
1986 4809 2101 4868 restra

37 4918 125 4976 ess.
180 4896 283 4988 Quae
301 4921 385 4970 cnm
404 4919 479 4968 non
496 4895 657 4986 ignores,
683 4885 906 4974 Conlucent,
933 4895 1057 4964 admo-
1108 4891 1256 4964 consilia
1281 4910 1491 4989 sequantnrc
1525 4895 1780 4990 confirmetque
1804 4921 1882 4979 eos,
1915 4911 1972 4980 ut,
2003 4898 2100 4990 qnod

35 5009 149 5078 dcam
173 5000 274 5072 dolet
296 4999 418 5082 nubis,
450 4997 548 5091 qnod
572 4996 726 5070 scribere
748 4995 816 5068 tibi
838 4995 1056 5088 permiseris:
1108 4994 1166 5084 pie
1189 5007 1224 5064 et
1242 4999 1439 5070 nmmsnrio
1460 5011 1740 5091 proposuerunt,
1771 4998 1807 5068 id
1832 4997 1937 5072 etiam
1961 4997 2103 5070 sortiter

33 5101 234 5202 quicquid
244 5099 743 5193 inustionisnostraesyuodo
753 5097 1057 5184 determinaretur,
1109 5096 1307 5187 perficiant,
1337 5112 1378 5170 ut
1397 5103 1540 5172 nudem
1564 5093 1670 5170 buius
1692 5098 1849 5170 nationis
1870 5113 1991 5170 sancto
2015 5123 2103 5170 con·

32 5213 85 5282 id
114 5207 281 5276 inlunem
298 5201 460 5290 nudum,
493 5201 637 5272 irritum
657 5213 693 5272 et
713 5200 832 5276 inane.
880 5197 1057 5286 Etiamne,
1108 5195 1192 5268 cilio
1207 5195 1377 5270 Ecclesiis
1391 5199 1521 5274 nostris
1536 5199 1733 5272 etidoneos
1744 5201 1947 5288 ministros,
1975 5211 2011 5272 et
2033 5225 2102 5294 pn-

1107 5323 1184 5368 ram
1200 5300 1417 5384 doctrinam,
1451 5317 1486 5376 et
1502 5325 1622 5372 veram
1640 5317 1937 5374 sacramentorum
1956 5301 2101 5396 dispen-

1107 5399 1281 5472 sationem
1297 5403 1562 5497 'salutaremque
1583 5401 1808 5496 disciplinam
1831 5403 2013 5478 restituere
2034 5427 2102 5474 an-

29 5399 274 5428 ...u—¹¹·-

75 5546 126 5616 q
145 5537 310 5596 aeram?
1107 5501 1279 5580 nitantur.
1327 5501 1420 5577 Nam
1433 5529 1454 5578 a
1468 5503 1589 5580 Roma
1610 5505 1698 5600 quid
1720 5507 1973 5598 expectandum
1996 5507 2103 5580 nobis
