4856 6266
94 333 144 412 29
265 359 273 368 ·
657 325 1096 412 EPl'STOLARUM
1146 333 1253 412 ΜΒ.
1284 325 1384 415 vlu.
1436 334 1571 410 1641.
2085 335 2135 408 80

94 529 198 602 qrram
232 521 354 578 autem
394 507 537 580 initium
573 509 744 603 colloquii
780 499 888 580 istius'
917 503 1090 580 hactenus
1139 529 1261 579 omnes
1284 502 1344 578 hic
1367 503 1610 602 appareant²²)
1633 507 1916 602 conveniantque
1939 511 1984 578 ad
2011 509 2132 598 proxi-

92 605 312 680 retardatum
340 622 416 695 est,¹
445 607 780 706 literisque·vestris
803 605 1090 704 significatur'w),
1140 609 1411 686 mam,·diaetnm
1429 609 1674 702 imperialem,
1702 611 2004 702 quemadmodum
2028 606 2131 678 antea

93 705 264 780 nonnihil
279 731 461 801 superesse
476 711 707 786 difficultatis:
743 711 963 783 commodius
985 712 1091 782 nobis
1140 713 1351 804 explicatum
1367 726 1436 797 est,
1462 711 1724 803 occurratisque
1737 711 1860 796 nobis,
1882 735 1990 805 quam
2005 711 2131 780 citissi-

92 813 252 898 videtur,
274 808 364 910 ut¹¹)
383 815 532 907 acceptis
546 815 625 888 istis
639 815 899 908 praesentibus,
923 815 998 883 sive
1015 813 1090 883 col·
1140 837 1196 883 me
1211 814 1388 904 poteritis,
1412 815 1508 908 quod
1523 837 1632 907 quum
1646 811 1747 882 brevi
1761 814 1922 884 futurum
1937 833 2137 903 speramus.

91 913 257 1008 loquium
280 915 463 1007 inceptum
487 915 535 988 sit
558 917 632 992 sive
655 941 748 1001 non,
780 915 1010 987 consideretis
1026 934 1089 984 vos
1140 938 1250 1008 quum
1269 939 1365 985 nunc
1381 916 1420 983 in
1444 915 1571 984 itinere
1592 936 1732 998 sumus,
1757 937 1937 984 servamus
1957 936 2015 998 ca,
2041 935 2131 1006 quae

92 1013 173 1112 et¹²)
187 1029 313 1088 orator
325 1015 550 1088 Sercuissimi
562 1015 672 1108 Regis
683 1013 944 1104 Romanorum,
969 1015 1090 1088 fratris
1139 1017 1276 1112 reliqua
1298 1029 1399 1103 sunt,
1425 1041 1467 1086 cx
1488 1013 1600 1087 literis
1614 1015 1739 1084 vestris
1756 1011 1956 1112 aliisque²³)
1980 1015 2131 1105 negotiis

92 1117 225 1204 nostri,
258 1117 415 1214 dictique
436 1119 687 1206 commissarii,
718 1123 762 1192 ut‘
783 1139 956 1190 recessum
976 1113 1089 1188 irone
1140 1118 1179 1186 in
1192 1119 1231 1188 id
1247 1133 1404 1211 tempus,
1426 1133 1564 1211 praeter
1589 1141 1646 1202 ca,
1668 1141 1760 1210 quae
1775 1118 1877 1188 vobis
1898 1117 2130 1210 respondebi-

91 1233 186 1291 sturn
201 1233 238 1290 et
252 1207 522 1291 convenientem
546 1221 756 1308 instituatis,
781 1245 827 1294 nc
842 1222 957 1292 diaeta
975 1219 1090 1311 impe·
1140 1243 1218 1290 mus
1239 1243 1314 1314 ,per
1347 1235 1563 1312 postremum
1597 1220 1831 1293 veredarium.
1899 1215 2132 1296 Charissimc,

91 1321 191 1396 riaiis
218 1322 381 1414 proxima
411 1337 472 1394 aut
497 1323 712 1414 impediatur
741 1337 802 1394 aut
828 1317 1089 1416 retardetur¹³),
1139 1319 1236 1391 Deus
1252 1345 1314 1393 sua
1332 1337 1451 1393 sancta
1473 1319 1691 1412 protectione
1706 1343 1769 1390 vos
1789 1335 1983 1396 conservet.
2034 1319 2131 1392 Scri·

90 1437 202 1518 utque
232 1424 348 1494 dictae
373 1437 489 1515 partes
513 1447 555 1494 eo
581 1425 686 1495 citius
711 1423 929 1498 Ratishonae
958 1421 1089 1508 adsint,
1139 1435 1239 1516 ptum
1255 1422 1437 1515 Sersbergi
1457 1421 1514 1496 15.
1531 1423 1688 1493 Ianuarii
1707 1419 1816 1496 1541.

90 1549 162 1619 quo
180 1525 220 1594 iu
236 1525 315 1596 loco
332 1525 448 1596 diaeta
465 1539 516 1598 est
530 1527 685 1613 definita,
710 1545 852 1622 quoque
864 1549 931 1597 nos
944 1526 1089 1596 accede·
1695 1521 1887 1618 signatam
1906 1515 2081 1594 Carolus.

90 1649 171 1698 mus
200 1624 280 1698 Deo
305 1627 356 1699 ita
386 1631 601 1698 concedente
627 1631 671 1698 ad
698 1629 804 1698 tinem
829 1629 932 1699 istius
950 1625 1089 1708 ,mensis
1259 1636 1263 1646 “
1829 1621 1951 1697 Baur.

91 1729 306 1820 praesentis,
339 1743 566 1826 posteaquam
589 1731 762 1802 contiuuo
785 1753 875 1823 opus
895 1731 1011 1824 ipsum
1027 1749 1089 1818 ag-

93 1823 192 1922 gredi
206 1831 440 1902 decrevimus.
492 1828 591 1928 Ut¹‘)
607 1847 786 1926 praeterea
802 1833 939 1902 animos
954 1829 1089 1901 utrius-

94 1933 286 2028 quepartis
301 1933 394 2002 serio
410 1933 629 2004 admoneatis
646 1933 920 2027 iniungatisque,
940 1926 1088 2024 postha-
1138 1945 1205 2020 Νο,
1221 1945 1334 2020 2129,
1379 2005 1390 2022 ,
1835 1951 1913 2032 (tere
1928 1953 1958 2016 d.
1978 1955 2033 2018 17.
2049 1947 2131 2033 Ιιιι.)

92 2035 175 2104 bitis
200 2033 475 2130 quibuscunque
496 2037 780 2108 excusationibus
809 2035 860 2108 ibi
890 2045 1088 2128 praesentes
1146 2043 1318 2074 Μ
1851 2043 2118 2082 w

92 2135 223 2222 adsint,
243 2149 355 2231 utque
371 2136 654 2208 animadvertant
668 2151 703 2209 et
717 2133 951 2224 considerent,
973 2157 1089 2230 quan·
1420 2127 1629 2210 Mollerus
1654 2127 1716 2211 ad
1731 2127 1784 2222 N.
1801 2125 1853 2214 Ν.

90 2255 167 2310 turn
191 2238 343 2308 illorum
366 2239 461 2308 dicta
481 2236 719 2336 concordia¹⁸)
738 2241 895 2326 intersit,
920 2239 1089 2334 quodque
1138 2315 1154 2330 ἱ

91 2341 150 2410 iila
177 2363 368 2435 nunquam
378 2333 421 2436 16’)
444 2364 554 2436 aeque
576 2343 821 2413 commodent
843 2337 912 2412 hoc
929 2355 1088 2432 ternpore

91 2441 257 2562 ῐῗῦῧῐθῖῐῖ
279 2442 409 2536 Ρθῦῧῑῑι
446 2445 704 2564 ⁰⁰¹²f⁰ffl¹¹²quff
726 2457 761 2514 θῑ
784 2438 986 2538 θθὲἷῑθῦῑιτ)
1009 2441 1089 2510 ⁰ffi·
1138 2461 1409 2564 Fragmentum
1436 2463 1611 2565 epistolae
1636 2462 1665 2536 Ι
1671 2460 1796 2536 uach.
1821 2459 1880 2534 M
1883 2461 1955 2536 ael
1962 2461 2068 2549 leri,
2096 2461 2131 2533 d.

91 2569 185 2616 crum
202 2557 239 2614 et
254 2545 434 2630 laborem,
460 2567 564 2640 quem
580 2569 677 2616 nunc
693 2569 732 2614 ιιι
751 2541 848 2616 hune
865 2545 970 2614 tinem
987 2565 1088 2636 prae·
1415 2570 1474 2641 13·
1498 2565 1682 2644 Ianuarii
1705 2565 1865 2666 (1542).

91 2661 237 2718 namus.
272 2640 590 2718 Exhortantes'vos
605 2648 761 2740 insuper,
786 2659 828 2718 ut
841 2647 974 2717 interea
990 2644 1089 2739 quis-

91 2772 159 2843 quc
173 2773 254 2841 pro
267 2771 306 2818 se
325 2747 582 2819 animadvertat
599 2761 634 2819 et
649 2773 690 2820 ex
707 2745 878 2820 charitate
897 2743 1087 2818 christiana

91 2849 220 2942 cogitet
237 2849 407 2936 rationes,
431 2873 522 2946 quae
537 2853 582 2922 ad
596 2851 789 2938 sinceram,
808 2863 966 2944 apertam
981 2863 1015 2922 et
1029 2848 1088 2916 in·
1346 2909 1355 2927 ,
1473 2909 1482 2926 ,
1595 2911 1604 2928 ,
1796 2909 1805 2926 ,
1852 2909 1861 2926 ,
1918 2909 1927 2926 ,
2037 2910 2045 2926 .

91 2967 226 3044 ,ΨΜ
251 2953 462 3023 concordiae
485 2947 593 3022 huius
614 2953 845 3024 ditectionem
875 2953 1087 3024 conducant·
1139 2921 1414 3030 controversiam
1429 2932 1484 2980 sur
1500 2909 1625 3029 legati,
1651 2910 1713 2980 sed
1735 2921 1776 3028 ut
1794 2931 1879 3001 rpsrs
1901 2910 2006 2980 hceat
2021 2909 2131 2980 hoece

1137 3011 1308 3104 profiteri,
1332 3012 1420 3106 qurd
1436 3025 1600 3094 sentiant,
1621 3035 1682 3082 seu
1697 3023 1827 3103 scripto
1843 3034 1905 3082 seu
1920 3034 2015 3084 voce.
2048 3007 2131 3080 Non

93 3051 280 3144 Quantum
295 3075 380 3124 sane
401 3067 452 3124 est
467 3055 576 3124 officii
589 3055 721 3142 nostri,
746 3056 971 3128 continenter
987 3053 1020 3123 ci
1035 3052 1089 3122 rei
1227 3115 1284 3131 ,,
1395 3114 1404 3131 ‚
1470 3113 1480 3131 ‚
1544 3114 1552 3130 ⁸
1873 3113 1881 3130 ⁶

94 3149 370 3250 invigilemusn)
403 3155 559 3250 talesque
592 3179 658 3228 nos
685 3151 948 3242 exhibebimus,
981 3155 1088 3226 sade·
1139 3116 1254 3236 vplurt
1273 3115 1446 3206 rmpedrre
1468 3127 1667 3184 institutam
1686 3113 2011 3206 colloquutionem,
2042 3135 2131 3206 quae

92 3281 258 3352 musque,
291 3271 332 3330 ur
359 3259 543 3328 accedente
567 3259 726 3330 ,ubsqdqo
747 3272 781 3330 et
802 3259 919 3329 officio
941 3258 1086 3328 illorum
1137 3241 1168 3287 st
1182 3217 1361 3309 procedat,
1387 3239 1502 3308 spero,
1525 3240 1584 3286 eos
1600 3229 1634 3286 et
1649 3209 1851 3286 Marchicos
1866 3227 1900 3284 et
1918 3211 2130 3292 Iuliacenses

92 3361 227 3430 bonum
244 3357 410 3432 effecum,
426 3356 723 3457 consequantu),
749 3375 859 3456 utque
878 3360 978 3430 omni
994 3357 1087 3430 Ger·
1137 3319 1251 3388 multo
1273 3317 1443 3388 liberiora
1469 3317 1597 3410 scripta
1622 3313 1842 3386 exhibituros
1859 3337 1966 3390 esse:
1994 3311 2129 3386 Omnia

93 3462 231 3532 maniae
246 3475 470 3554 perspectum
484 3475 519 3534 ει
535 3463 716 3553 cognitum
734 3463 799 3550 sqq,
822 3479 981 3535 nostram
1005 3481 1087 3531 sen·
1137 3421 1182 3492 ab
1195 3409 1405 3490 adversariis
1419 3413 1535 3489 adhuc
1551 3417 1825 3487 invidiosissime
1837 3431 1912 3487 acta
1929 3431 2022 3489 sunt.
2055 3415 2130 3486 Nos

92 3565 241 3634 tentiam
265 3565 374 3634 talem
388 3585 481 3644 esse,
504 3578 540 3634 ct
555 3586 692 3656 semper
713 3565 821 3635 tuisse
844 3565 890 3636 ad
910 3543 1032 3656 pacem
1053 3575 1087 3632 et
1137 3543 1290 3639 ¹¹¹3e¹¹¹¹f
1307 3535 1341 3592 ‘³²
1358 3520 1566 3640 ⁸impiifi²⁶¹
1580 3543 1717 3638 “mia
1732 3521 1999 3638 ¹⁰⁵P⁰¹¹df¹¹¹⁰⁸⁹
2024 3541 2131 3636 ‘¹⁰³3’

1137 3626 1219 3694 darn
1237 3637 1342 3692 etram
1358 3623 1580 3692 conditiones
1596 3624 1758 3692 durrores
1775 3643 1989 3712 accepimus,
2015 3643 2060 3689 ne
2075 3645 2129 3688 vr-

370 3664 380 3684 0
434 3662 445 3696 ρ
552 3665 588 3684 ··
801 3666 811 3684 ·
943 3666 952 3683 ·
1009 3665 1018 3682 ·
1058 3665 1067 3680 '

94 3689 320 3736 mmmmm
348 3660 480 3762 ‘¹⁰⁸5
509 3667 717 3764 unhmem’
755 3667 954 3738 ⁰¹¹¹u⁸m⁰d¹
982 3666 1086 3734 dmm
1137 3728 1302 3796 dcremur
1315 3726 1509 3795 detrectare
1524 3737 1712 3797 certamen.
1750 3721 1820 3793 sed
1837 3723 2130 3815 nohisplanercs

93 3767 253 3856 partibus
268 3781 340 3836 tam
355 3767 565 3858 generaliter
577 3791 683 3862 quam
698 3767 959 3859 particulariter
972 3765 1086 3856 sigui·
1442 3825 1452 3844 .
1518 3827 1527 3843 .
1724 3813 1728 3821 <

94 3867 230 3939 ticastis.
282 3866 411 3941 Vestro
428 3867 537 3959 igitur
552 3869 670 3940 studio
688 3869 942 3940 committimus
963 3869 1087 3939 iniun-
1137 3825 1607 3948 ⁰⁵‚t⁶¹¹¹¹31⁰⁰⁰ffl3¹⁰¹¹t¹b¹¹⁵‘
1648 3821 1986 3943 v⁰⁵.⁰²³t⁸D⁰¹¹m’
2010 3838 2128 3894 ¹¹th

1137 3931 1193 4000 brs
1208 3929 1299 3998 adsit
1314 3941 1349 3999 et
1363 3943 1475 3999 servet
1490 3949 1590 3998 suam
1606 3928 1799 3998 ecclesram.

94 3969 277 4064 gimusqnc
289 3993 348 4056 ea,
373 3995 464 4064 quae
477 3971 640 4062 superius
654 3971 749 4042 dicta
765 3987 848 4044 sunt
865 3985 970 4066 atque
984 3995 1087 4064 prae-

95 4083 185 4141 terea
204 4073 245 4142 in
265 4085 399 4160 toturn,
431 4075 526 4168 quod
551 4074 748 4162 convenire
762 4073 951 4145 videbatur
961 4067 1021 4170 ²¹),
1046 4085 1086 4143 ut
1227 4127 1235 4132 -

99 4291 318 4306 ·-—--
1021 4288 1026 4298 ·
1148 4247 1217 4323 No.
1234 4247 1347 4320 2150.
1965 4255 2022 4318 17.
2046 4245 2112 4317 leo.

1142 4343 1356 4380 Μ
1949 4337 2122 4370 W

126 4433 172 4578 pp
189 4427 264 4568 gp·
279 4425 369 4564 {qq
381 4427 586 4564 :quamam
606 4427 708 4484 “ttu-
1173 4425 1179 4439 '
1366 4427 1539 4516 Manius
1559 4425 1621 4512 ad
1639 4427 1900 4538 Myconium.

1208 2311 1229 2376 †
1245 2307 1283 2362 Er
1295 2325 1389 2380 apogr.
1401 2307 1430 2361 in
1444 2307 1506 2364 cod.
1521 2305 1605 2364 Goth.
1620 2307 1677 2364 190.
1697 2326 1723 2379 p.
1737 2307 1797 2363 216.

1138 2681 1334 2777 Palatinus
1357 2703 1498 2798 scripsit
1520 2701 1590 2778 huc
1614 2706 1653 2776 in
1673 2699 1766 2776 banc
1785 2705 2012 2777 sententiam:
2040 2705 2131 2774 velle.

1139 2829 1197 2896 se,
1221 2821 1262 2880 ut
1278 2809 1323 2878 de
1337 2807 1465 2878 ordine
1482 2821 1516 2879 ct
1531 2809 1638 2878 modo
1654 2829 1860 2898 congressus
1876 2831 1951 2876 non
1967 2820 2132 2877 moveant

129 4599 171 4667 1ἵ)
191 4595 278 4652 ⁸⁰⁸⁶·
298 4603 339 4650 '⁴‘-
1204 4611 1282 4679 †Es
1293 4612 1450 4686 apographo
1461 4612 1491 4666 in
1504 4609 1567 4666 cod.
1579 4608 1674 4666 Melia.
1688 4608 1709 4664 1.
1726 4627 1754 4682 p.
1766 4607 1811 4664 27.

128 4681 172 4752 tu
190 4680 261 4738 Cod.
280 4677 363 4736 Goth.
387 4697 423 4734 nc
447 4681 546 4734 literae
568 4679 730 4748 irnpsrr'ahs
747 4679 798 4734 aaa
821 4687 871 4735 aut
894 4675 1086 4746 impediantur

128 4751 479 4902 “metamauc-
1139 4767 1237 4848 Viro
1252 4765 1464 4854 venerabili,
1488 4763 1602 4840 Dom.
1622 4761 1872 4840 Friderico
1893 4759 1950 4836 M
1950 4763 2128 4862 yconio,

128 4921 171 4990 1⁵)
190 4917 264 4978 cod.
283 4915 368 4974 Gon.
387 4917 463 4970 nr..
479 4917 604 4974 arm...
621 4909 705 4976 aaa
1137 4867 1338 4948 Gothanaa
1359 4869 1526 4944 ecclesiae
1543 4868 1706 4970 pastori,
1732 4867 1912 4968 compatri
1935 4865 2128 4940 carissimo
2201 4872 2207 4891 “

127 5009 174 5078 16)
192 5003 265 5062 coe.
282 5003 369 5060 Goth.
386 5005 487 5060 mmm.
1595 4997 1674 5046 Suo·

128 5091 170 5160 ι7)
189 5089 262 5148 coe.
279 5087 366 5144 Gon.
385 5089 560 5157 avenam·
575 5105 611 5142 ⁰⁶
626 5089 805 5160 ‘mefit-
1136 5072 1307 5164 Gratiam
1328 5103 1362 5162 et
1384 5115 1506 5184 pacem
1525 5114 1545 5160 a
1567 5087 1645 5162 Deo
1668 5103 1767 5184 patre
1792 5099 1915 5158 nostro
1939 5110 2002 5178 per
2022 5079 2127 5156 Chri·
2217 5173 2221 5180 ι

129 5179 718 5308 ¹⁸)mu024·⁰⁰²¹²·¹'“”¹'1¹'¹⁶¹'¹”⁸³s⁰¹³⁸⁸⁸⁰
734 5199 800 5240 *θ’*
824 5177 906 5236 '⁶⁶⁶⁰
923 5179 1083 5249 mim·
1135 5209 1239 5270 stum.
1290 5193 1411 5264 Habes
1426 5207 1466 5266 tu
1484 5191 1648 5288 quidem,
1672 5192 1724 5262 mi
1740 5189 1918 5262 carissime
1939 5199 2127 5278 compater,

129 5336 172 5400 19)
191 5335 260 5392 Cod.
278 5333 364 5390 Goth.
382 5335 476 5388 donus
493 5334 608 5402 effectus
624 5293 821 5402 subsequatur.

127 5421 170 5490 20)
187 5421 246 5474 eius
262 5437 321 5473 non
340 5417 419 5472 hahet
436 5417 499 5474 cod.
518 5417 600 5474 Goth.
1167 5419 1217 5486 22)
1236 5420 1292 5474 Pro
1309 5420 1353 5472 hic
1370 5427 1529 5487 appareant
1548 5415 1611 5472 eod.
1628 5414 1713 5472 Goth.
1729 5431 1760 5471 ss
1775 5423 1927 5484 apparent.

130 5505 173 5576 21)
190 5505 260 5564 cod.
277 5501 363 5558 Goth.
382 5505 523 5558 videbitur.
888 5565 894 5572 ,
1118 5523 1122 5534 ·
1169 5505 1215 5574 11)
1233 5504 1303 5562 Cod.
1325 5503 1408 5559 Goth.
1426 5505 1548 5572 eiusque.
