4856 6266
306 365 359 442 os
681 485 685 490 Ι
859 323 1299 437 urrerouauuu
1340 356 1463 460 ,mu
1494 351 1785 440 arrasam.
2266 367 2331 440 tao

318 537 386 613 No.
401 534 516 612 etse.
1038 538 1041 551 '
1132 523 1290 610 {alleba
1353 531 1575 620 sodalitium,
1602 555 1692 604 neve
1707 546 1922 627 apparentur
1937 521 2102 606 convivia
2115 548 2333 627 praetermo-

311 635 525 676 Μ
811 721 818 738 ⁸
880 721 887 738 .
1139 631 1179 662 '⁶
1199 640 1214 660 “
1244 629 1282 660 ”’
1353 659 1429 704 rem
1451 634 1622 706 usitatum
1646 635 1816 706 mediocri
1844 649 1879 706 et
1910 631 2059 707 honesto
2087 637 2332 728 patrifamilias.

681 715 933 806 Siudsosss..
1354 733 1570 808 Meministis
1592 737 1705 827 legem
1728 738 1986 829 sumptuariam
2012 739 2210 808 academiae
2234 739 2332 810 latam

379 901 479 972 script.
499 874 575 972 pm
590 897 623 954 T·
636 896 656 954 Ι.
676 915 703 972 p.
716 895 784 953 m
825 893 1012 972 Apogrspton
1033 895 1063 951 h
1081 893 1144 954 eod.
1163 889 1302 954 Bam
1352 838 1399 908 ab
1421 837 1660 958 illustrissimo
1686 838 1857 930 principe.
1917 836 2036 910 Huius
2057 839 2244 910 auctoritas
2266 863 2333 912 uon

410 989 438 1042 ρ,
452 968 520 1025 rsa,
1353 938 1516 1012 defutura
1540 953 1592 1012 est
1612 965 1650 1008 ru
1675 941 1898 1010 defendenda
1920 941 2013 1030 lege,
2051 963 2141 1036 quae
2163 954 2199 1012 et
2222 965 2284 1032 per
2301 965 2333 1012 se

834 1122 842 1142 ι
1353 1035 1600 1112 honestissima
1616 1055 1668 1112 est
1683 1055 1718 1112 et
1734 1041 1835 1112 vobis
1848 1042 2047 1113 utilissima.
2096 1041 2182 1114 Plus
2196 1043 2334 1118 satisest

442 1189 452 1198 ,
510 1118 648 1198 Rlvlvr
662 1118 884 1196 Academiae
899 1116 972 1198 Pl’·
986 1118 1051 1196 M·
1061 1117 1099 1221 *)
1352 1145 1617 1228 scandalorum,
1656 1165 1747 1236 quae
1768 1156 1803 1214 et
1822 1141 1940 1213 Deum
1963 1143 2124 1229 irritant,
2163 1155 2199 1214 et
2225 1146 2333 1214 delor-

210 1298 217 1320 ·
308 1241 410 1338 Cum
436 1253 640 1351 Antiochus
665 1257 924 1354 Hierosolymis
951 1253 1179 1329 bacchanalia
1209 1257 1302 1327 cele-
1353 1258 1451 1314 mant
1472 1244 1705 1336 evangellum.
1770 1243 1891 1333 Quare
1913 1245 2066 1336 lugenda
2088 1242 2200 1336 θεοῦ)
2227 1247 2333 1336 potius

307 1373 446 1452 bratet,
477 1389 517 1436 ac
541 1364 634 1434 cives
654 1363 730 1433 nati
754 1362 792 1430 in
815 1362 946 1454 populo
958 1358 1047 1446 Dei,
1079 1385 1120 1430 ac
1135 1371 1238 1430 autea
1255 1359 1298 1428 ad
1352 1346 1514 1431 ecclesia.
1539 1347 1710 1440 placanda
1726 1343 1880 1431 irenei,
1904 1346 2123 1440 deploranda
2139 1361 2258 1419 nostra
2272 1348 2333 1417 etl·

307 1467 490 1552 honestos,
529 1457 715 1556 grsvss'as
738 1463 814 1556 pios
838 1485 953 1532 mores
976 1461 1159 1532 assuefacti
1181 1461 1300 1529 imita.
1350 1447 1465 1534 mina,
1490 1447 1716 1550 'intendenda
1735 1446 1919 1536 diligentia
1942 1451 2180 1538 regendorum
2202 1471 2333 1520 morum

284 1579 432 1652 ¹reutt'rr
452 1570 647 1640 obscoenos
663 1565 744 1636 illos
760 1559 1029 1634 bacchanalium
1045 1564 1169 1649 ludos,
1194 1561 1299 1658 quale
1349 1561 1383 1620 et
1406 1573 1490 1620 curs
1512 1549 1683 1623 distendi·
1740 1545 1837 1619 ΗΜ
1859 1545 1929 1618 ”lsi
1950 1549 2054 1637 fimi,
2091 1563 2154 1622 flul
2175 1549 2333 1622 tilllllffll

306 1675 345 1746 id
361 1672 598 1766 spectaculum
616 1692 723 1762 quam
745 1667 844 1738 triste
866 1679 901 1738 et
923 1667 1123 1737 luctuosum
1144 1663 1231 1756 piis,
1256 1675 1298 1734 ut
1348 1651 1468 1737 bellis,
1493 1663 1556 1722 aut
1572 1648 1734 1722 Turricis
1750 1663 1785 1722 et
1798 1649 1877 1720 aliis
1893 1653 2046 1742 publicis
2062 1667 2097 1724 et
2114 1652 2260 1745 privatis
2280 1675 2332 1722 ca-

306 1767 501 1847 Matthiae
523 1785 558 1842 et
577 1769 771 1854 similibus,
802 1767 909 1838 luisse
929 1765 1085 1860 putatis?
1134 1763 1208 1836 Ver
1223 1763 1297 1834 ini·
1347 1753 1564 1824 lumilallbus
1595 1751 1758 1824 omnium
1786 1741 2046 1824 'contumaciam
2075 1752 2175 1826 Deus
2203 1753 2331 1846 puniet.

306 1879 396 1952 tium
412 1887 487 1946 crat
501 1871 606 1956 anui,
633 1895 704 1966 quo
720 1871 790 1940 iam
807 1883 899 1940 terra
917 1893 1039 1940 rursus
1055 1867 1094 1938 tit
1109 1867 1297 1952 foecunda,
1348 1851 1468 1943 Quare
1483 1877 1550 1925 110³
1565 1856 1782 1926 obtestamur
1797 1869 1942 1947 propter
1956 1852 2091 1942 Deum,
2121 1869 2157 1926 et
2179 1877 2263 1925 voce
2282 1853 2332 1924 di·

305 1993 347 2052 ut
366 1973 573 2048 hominibus
596 1995 707 2042 novas
729 1973 848 2062 fruges
869 1971 1003 2062 gignat,
1056 1966 1100 2040 In
1121 1963 1190 2038 hor
1211 1967 1298 2037 anni
1347 1955 1481 2028 viuitus
1511 1957 1671 2050 tradita,
1700 1967 1742 2026 ut
1765 1954 1881 2026 Deum
1908 1956 2061 2030 timeatis
2086 1981 2127 2026 ac
2157 1955 2332 2049 praestetis

306 2079 463 2172 suspicis
478 2075 637 2169 opsrruie
650 2072 728 2146 Des
742 2073 871 2163 gratias
891 2095 1011 2164 agere,
1041 2070 1104 2164 qui
1128 2061 1193 2140 has
1213 2069 1296 2162 pul.
1347 2057 1555 2130 modestiam
1570 2055 1647 2128 Deo
1661 2069 1795 2148 gratam
1809 2070 1843 2127 et
1857 2073 2044 2130 ornantem
2054 2053 2322 2152 Evangattumf)

306 2177 499 2256 cherrimus
513 2176 600 2248 anui
615 2177 708 2247 vices
724 2175 896 2260 instituit,
925 2173 988 2268 qui
1005 2171 1197 2266 quotannis
1215 2172 1298 2242 red·
1347 2156 1453 2230 Scitis
1479 2159 1576 2229 enlm
1599 2159 1771 2252 scriptum
1793 2181 1882 2228 esse:
1920 2157 1959 2230 εἰ
1977 2183 2045 2232 nos
2067 2153 2333 2230 emendaremus

306 2286 360 2356 dit
373 2297 486 2354 terrae
502 2279 790 2350 foecunditatem.
842 2272 1016 2370 Oportuit
1032 2287 1067 2344 et
1085 2287 1201 2365 petere
1220 2275 1299 2342 fru-
1348 2253 1440 2357 ipsi,
1468 2283 1543 2330 ⁷1⁰8
1565 2258 1782 2358 puniremur
1805 2282 1831 2328 a
1853 2253 2014 2334 domiuo.
2063 2259 2255 2334 Dominica
2276 2259 2334 2332 Se-

305 2411 389 2478 gum
411 2395 604 2476 proventus
627 2392 662 2450 et
684 2380 753 2449 alia
774 2380 959 2448 commoda
979 2376 1072 2446 vitae
1093 2375 1298 2445 necessaria.
1348 2361 1614 2462 peregerimus)
1711 2441 1714 2444 ,

303 2486 385 2558 Hoc
405 2485 522 2578 ipsum
543 2483 630 2554 anui
650 2479 846 2574 auspicium
865 2477 1119 2550 contaminavit
1135 2475 1299 2546 diabolus

237 2613 245 2624 ·
304 2589 400 2684 apud
422 2581 596 2658 Ethnicos
625 2595 698 2655 tam
724 2595 813 2654 tetro
836 2575 1107 2658 bacchanalium
1127 2579 1235 2664 ritu,¹
1258 2577 1297 2645 in

305 2713 377 2788 quo
399 2701 537 2760 tantum
560 2686 629 2758 fuit
659 2682 909 2778 turpitudinis,
949 2695 990 2752 ut
1017 2680 1124 2768 etiam
1146 2679 1298 2752 Senatus

303 2791 491 2866 Romanus
512 2789 598 2859 olim
624 2787 781 2858 initiatos
795 2779 926 2855 Bacchi
942 2781 1155 2870 ceremoniis
1166 2781 1298 2874 capita-

304 2896 400 2966 libus
416 2892 541 2986 poeuis
556 2889 720 2961 affecerit.
771 2883 890 2958 Huius
911 2883 1087 2956 barbarici
1106 2883 1214 2952 moris
1235 2905 1296 2952 seu

305 2995 494 3088 vestigium
518 3015 580 3062 seu
608 2989 761 3061 imitatio
785 3001 870 3058 sunt
893 2981 960 3057 hae
983 2985 1200 3058 larvatorum
1224 2985 1298 3054 dis-

305 3097 522 3170 cursatioues
543 3089 611 3164 hoc
632 3091 719 3164 anni
739 3103 914 3182 tempore,
946 3112 1036 3182 quac
1053 3086 1297 3178 multipliciter
1416 3100 1516 3175 script.
1529 3099 1632 3176 public.
1644 3097 1678 3158 T.
1690 3095 1711 3155 l.
1729 3119 1756 3174 p.
1770 3097 1814 3155 ts.
1840 3099 1942 3170 apogr.
1954 3095 1982 3154 tn
1994 3095 2057 3155 eod.
2070 3095 2152 3155 Bait.
2164 3097 2210 3157 89.
2224 3099 2303 3173 pas.

304 3212 436 3270 nocent
456 3195 619 3268 moribus
641 3208 675 3264 et
696 3203 826 3284 augent
846 3191 1089 3284 petulantiam.
1152 3183 1206 3258 Ac
1226 3187 1296 3258 nisi
1967 3201 1972 3210 ·

303 3301 528 3392 magistratus
551 3299 693 3368 frenum
716 3293 852 3363 iniiciat
873 3292 1069 3376 iuuentuti,
1096 3283 1163 3360 hoc
1180 3291 1295 3381 ipsum
1477 3255 1615 3334 &⁶¹⁰7
1629 3253 1849 3332 Affldimlal
1867 3251 2210 3360 (Ssshdalllissh‘)

303 3415 383 3495 aget
404 3400 589 3485 diabolus,
618 3411 659 3468 ut
682 3409 784 3467 aucta
804 3394 945 3464 licentia
969 3403 1115 3476 renovet
1137 3403 1296 3462 veterum
1346 3375 1510 3468 Ecclesia
1544 3391 1611 3466 has
1641 3408 1816 3488 postrema
1851 3405 1963 3464 sesses
1989 3417 2156 3485 oppressa
2180 3391 2335 3486 undique

303 3500 573 3591 bacchanalium
589 3501 744 3584 sartores,
775 3509 816 3568 ut
838 3495 998 3566 videmus
1018 3492 1136 3564 lacilia
1153 3515 1226 3563 esse
1242 3491 1296 3562 vi-
1346 3497 1468 3570 multis
1494 3499 1672 3569 aerumnis
1693 3495 1882 3566 difficulter
1904 3509 1938 3566 se
1961 3519 2090 3585 magns
2110 3515 2192 3564 cum
2218 3494 2335 3565 dolose

304 3609 435 3680 tiorum
457 3605 693 3686 incrementa,
731 3597 935 3692 praesertim
960 3598 999 3666 in
1023 3589 1089 3666 bac
1110 3607 1296 3687 postrema,
1346 3599 1516 3692 parturit,
1544 3611 1596 3684 st,
1627 3613 1668 3670 ue
1693 3592 1869 3670 lohannes
1894 3597 2050 3689 scripsit,
2085 3595 2197 3668 siulse
2219 3607 2335 3690 partu.

303 3708 404 3804 quasi
425 3706 625 3790 delirantis,
660 3701 786 3772 muudi
803 3713 924 3771 aetate.
976 3696 1060 3768 Ideo
1079 3697 1295 3766 severissime
1329 3701 1460 3783 miens,
1502 3715 1538 3772 et
1559 3699 1654 3771 inter
1675 3699 1835 3790 ingentes
1856 3700 2031 3769 cruciatus
2055 3699 2191 3770 loetum
2222 3698 2334 3770 edens.

301 3805 533 3904 prohibemus
557 3805 775 3874 larvatorum
799 3801 1071 3872 discursationes
1092 3799 1239 3870 diurnas
1263 3812 1297 3870 et
1345 3802 1508 3896 Cumque
1529 3817 1657 3874 natura
1678 3803 1753 3893 ipsa
1771 3825 1959 3893 corporum
1976 3799 2079 3894 quasi
2093 3821 2202 3872 sensu
2213 3809 2336 3894 partu.

1348 2739 1413 2811 No.
1429 2734 1543 2814 2144.

1354 2833 1526 2870 »ουν

1698 2917 1993 3008 Academicis.

302 3925 512 3995 nocturnam
538 3901 767 3999 prohibemus
783 3916 817 3974 el
830 3903 958 3973 ludum
974 3901 1077 3970 illum
1091 3901 1294 3972 taxillorum
1345 3905 1470 3976 rientis
1490 3905 1655 3975 ecclesiae
1676 3902 1867 3983 alliciatur,
1904 3923 1962 3972 res
1989 3903 2166 3987 ostendit,
2206 3901 2334 3972 maiora
2408 3905 2409 3944 ἒ

302 4023 461 4118 mutum,
484 4009 665 4082 etsimiles
680 4005 841 4098 ineptias.
881 4001 1061 4074 Dicuntur
1074 4002 1177 4072 ctiam
1190 4001 1295 4071 multi
1346 4029 1421 4076 esee
1450 4029 1706 4098 puerperarum
1734 3999 1802 4075 hoc
1835 4017 1993 4098 tempore
2022 4004 2199 4095 pericula,
2234 4021 2335 4096 quam
2408 4065 2409 4072 ,

287 4127 463 4208 'sumptus
492 4108 559 4182 hoc
588 4123 745 4202 tempore
773 4129 899 4196 augere
909 4102 934 4201 ¹)
962 4103 1136 4174 conviviis
1160 4103 1296 4198 aliquot
1345 4111 1491 4180 luerunt
1511 4121 1624 4180 antea,
1673 4103 1831 4177 Decessit
1853 4119 1970 4176 autem
1996 4099 2076 4176 heri
2099 4118 2265 4198 superare
2286 4104 2335 4174 la·
2408 4157 2409 4182 ,

301 4219 441 4290 dierum
457 4212 670 4308 apparandis
686 4223 718 4280 et
734 4208 891 4278 vocanda
905 4207 1008 4279 turba
1025 4199 1224 4297 hospitum,
1254 4218 1295 4276 ut
1345 4213 1432 4282 hore
1449 4225 1570 4302 partus
1587 4204 1835 4280 honestissima
1858 4219 2040 4293 matrona,
2067 4219 2149 4278 nata
2176 4207 2216 4276 iu
2236 4202 2337 4280 [ami-

301 4319 479 4391 ludicrum
502 4315 603 4406 regni
624 4301 814 4404 speciem²)
831 4321 1104 4400 repraesentent.
1155 4305 1294 4378 Scimus
1345 4313 1392 4383 lia
1415 4312 1548 4396 nobili,
1588 4310 1730 4403 optimis
1751 4323 1875 4380 ornata
1895 4307 2279 4400 moribus,·pudicitia
2297 4327 2334 4374 ac

302 4441 467 4512 magnam
489 4441 561 4486 esse
584 4413 764 4510 querelam
787 4413 831 4481 de
849 4411 1048 4502 sumptibus
1067 4397 1294 4480 scholastico-
1344 4415 1473 4507 pietate
1488 4413 1614 4484 eximia
1630 4411 1806 4504 praedita,
1829 4407 2009 4480 Barbara
2018 4403 2068 4504 ¹),
2093 4410 2253 4480 coniunx
2268 4406 2336 4478 cla·
2408 4413 2409 4440 ³

301 4547 401 4608 rum,
438 4533 472 4591 et
497 4513 584 4588 haec
607 4513 770 4586 convivia
792 4535 866 4581 non
891 4523 1027 4582 tantum
1053 4511 1209 4602 expilant
1231 4533 1293 4602 pa·
1345 4515 1422 4590 riss.
1446 4529 1481 4586 et
1504 4515 1644 4585 doctiss.
1654 4503 1890 4583 Melchioris
1910 4508 2056 4605 Kling,
2086 4507 2255 4583 Doctocis
2278 4506 2335 4578 lu·
2408 4515 2409 4539 ¹

300 4637 437 4708 rentes,
470 4619 532 4690 sed
556 4617 659 4689 etiam
681 4627 766 4686 suut
788 4613 955 4687 alimenta
976 4611 1158 4686 vitiorum.
1209 4609 1293 4681 Ideo
1344 4617 1564 4702 risconsulti,
1603 4615 1769 4710 quicum
1791 4613 1936 4706 ingenio
1960 4611 2152 4686 es'virtute
2182 4610 2335 4694 excellat,

301 4721 553 4822 praecipimus,
584 4743 630 4790 ue
651 4711 808 4810 hospites
833 4727 1005 4786 vocentur
1028 4715 1073 4784 ad
1093 4711 1208 4783 ullum
1224 4713 1294 4784 tale
2243 4717 2245 4728 '

302 4949 530 4968 *-

1376 4971 1404 5042 3)
1424 4965 1493 5026 cot.
1506 4967 1569 5024 erit.

337 5101 368 5170 ¹⁸¹)
386 5099 449 5154 Fuit
471 5095 582 5170 quidem
603 5094 652 5149 illo
672 5103 796 5165 tempore
812 5093 915 5148 Rector
934 5089 1019 5147 Acsd.
1040 5087 1175 5160 Georgius
1193 5084 1294 5160 Maior,
1378 5057 1406 5125 ⁴)
1422 5062 1541 5123 mmm
1556 5084 1594 5096 ““
1609 5085 1645 5100 ““·
1660 5051 1770 5154 Ενξωέ·
1783 5069 1841 5106 ”⁰¹²
1854 5049 1932 5150 hflb‘l
1944 5049 2007 5106 ωδ·
2266 5135 2273 5149 ι
2297 5131 2304 5146 Ι

372 5168 419 5224 sed
432 5183 535 5222 nomeu
550 5163 620 5218 Phil.
634 5161 701 5218 Mel.
720 5163 748 5216 in
769 5163 853 5216 biset
874 5160 932 5215 aliis
951 5159 1057 5232 scriptis
1075 5177 1154 5240 serpe
1171 5157 1293 5212 additum
1380 5141 1407 5210 5)
1426 5136 1598 5194 cmlfflbili
1628 5135 1668 5192 ¹³·
1681 5139 1728 5191 δ”
1738 5135 1886 5190 mmm
1899 5133 1975 5190 154¹·
2011 5131 2107 5202 (⁰⁰m·
2122 5129 2335 5206 Septusgmlltrn

371 5237 400 5291 id
421 5235 539 5312 indicat,
568 5231 772 5288 Melantbouem
793 5229 862 5284 illud
881 5227 1019 5302 scripsisse
1041 5247 1152 5282 nomme
1171 5225 1294 5282 Rectoris
1413 5206 1478 5264 '¹¹⁰5
1491 5207 1581 5262 ΜΝ·
1595 5206 1740 5275 18ᾸἮΒ)

372 5305 544 5392 ,Acadiffilffi
575 5301 706 5384 Ellelum
723 5300 776 5355 ¹¹⁰⁰
791 5317 855 5354 ’ω
872 5298 1077 5352 'M‘lmlbw‘
1088 5297 1219 5367 'isli'lum
1238 5315 1295 5352 ²⁸⁸⁸
1378 5309 1408 5380 *l
1427 5307 1736 5380 „RestorAeodemsise
1749 5301 1888 5368 Georgius
1898 5299 2022 5374 Maior”‚
2039 5297 2080 5354 sir.
2090 5299 2118 5354 in
2131 5297 2259 5372 Scriptis.
2284 5295 2335 5354 set

372 5371 533 5444 rntelbgstur
545 5389 575 5424 es
588 5379 665 5454 epist.
678 5369 711 5423 sd
724 5370 817 5423 lousm
833 5367 859 5422 d.
874 5367 915 5423 19.
930 5367 1012 5422 Febr.
1413 5378 1513 5434 code„
1530 5375 1661 5444 „Ram
1671 5375 1843 5428 mamm
1857 5371 1907 5426 ph·
1919 5369 2027 5425 M.”-
2052 5369 2166 5425 videm,
2178 5371 2264 5442 isim
2275 5369 2335 5424 Me·

340 5467 365 5535 1)
383 5463 504 5534 Scripta:
520 5459 630 5527 auseri-
964 5457 980 5488 ⁰
1408 5445 1520 5504 lsntbon
1535 5445 1588 5500 hoc
1602 5443 1720 5499 edietum
1734 5439 1930 5513 composuisse.

337 5549 364 5622 2)
382 5549 504 5621 Scriptus
519 5545 668 5614 specimen.
1380 5537 1408 5606 1)
1424 5531 1546 5604 Scripta:
1562 5528 1599 5582 N.
