4814 6262
297 343 369 418 aas
856 334 1294 454 urtsrocanun
1346 335 1456 416 cra.
1490 337 1592 417 vm.
1642 335 1778 416 1-541.
2190 275 2310 432 ,4140

295 511 459 611 adnata,
483 537 574 610 quae
590 514 686 610 quod
701 507 760 584 bic
774 511 929 614 recentia
944 510 1102 582 inveniri
1123 535 1196 584 uon
1211 506 1293 602 pot·
1341 525 1377 586 et
1396 512 1478 584 misi
1500 525 1564 584 tuo
1582 512 1730 584 nomine
1752 535 1818 606 per
1831 525 1964 586 certum
1978 509 2158 594 nuntium.
2207 509 2311 590 Toum

294 634 414 704 erant,
433 617 636 709 gratissima
653 615 831 688 caloribus
848 614 1003 686 crociam
1027 615 1138 686 luere.
1186 606 1293 684 Pan·
1341 615 1513 708 scriptum
1541 609 1584 684 de
1610 609 1844 688 ordenatione
1869 637 1993 688 omnes
2022 614 2150 708 cupide
2174 631 2313 708 expecta-

295 719 359 815 lus
371 715 478 792 Knot
499 719 540 816 in
554 740 692 792 summo
708 715 915 790 discrimine
929 715 1023 785 vitae
1039 715 1127 802 luit,
1150 717 1212 790 scd
1227 739 1292 786 au-
1341 739 1431 792 rnus.
1481 715 1660 790 Dominus
1679 711 1815 790 Ductor
1842 713 1887 816 [i.¹
1902 741 1932 790 a.
1945 709 2159 814 Ledaeas]
2174 718 2312 792 invecti-

294 827 355 896 dio
370 811 450 893 eum
464 815 633 890 nonnihil
647 818 909 902 convalescere.
947 807 1115 888 Plancus
1132 831 1292 890 mortuos
1341 841 1421 890 vam
1438 843 1538 890 suam
1559 819 1711 890 absolvit
1720 808 1777 915 ⁶).
1801 815 1863 892 'sed
1883 831 2083 912 premetur,
2104 819 2216 890 donec
2232 842 2313 892 acce·

293 941 346 1000 est
360 926 474 1018 pridie
489 919 618 1004 Oculi,
643 947 714 1016 quo
738 919 796 990 die
821 943 901 992 cum
922 944 979 990 me
1004 919 1148 1012 quidam
1171 915 1293 990 horta-
1342 921 1402 994 det
1414 919 1586 1012 principis
1604 922 1798 1012 responsio.
1847 919 1911 992 Me
1929 921 2241 1006 tibi-commendo,
2261 924 2314 1004 ob-

295 1042 439 1112 rentur,
462 1039 501 1096 ιιι
518 1048 669 1094 emerem
687 1025 790 1092 aedes
811 1023 857 1092 ab
873 1019 1080 1105 Academia,
1104 1025 1199 1114 quod
1224 1045 1293 1112 pu·
1341 1025 1513 1092 servande
1530 1024 1674 1092 domine
1690 1035 1908 1114 praeceptor,
1929 1035 1964 1092 et
1977 1035 2075 1092 tuam
2092 1020 2315 1110 salutemlleo,

293 1141 424 1213 tarent,
465 1121 555 1196 milri
582 1149 643 1196 eas
667 1137 812 1218 propter
834 1121 1122 1194 amoenissimum
1145 1119 1289 1194 hortum
1342 1125 1433 1216 patri
1447 1125 1585 1194 domini
1601 1126 1716 1196 nostri
1733 1118 1968 1208 lesuChristi,
1993 1124 2056 1218 qui
2070 1137 2185 1194 servet
2197 1137 2230 1194 et
2244 1149 2317 1194 con-

293 1232 370 1302 lore
405 1225 662 1302 commodiores
687 1225 802 1296 multo
823 1249 929 1318 qnam
955 1225 1033 1294 illas
1054 1239 1218 1316 angustas
1246 1226 1290 1294 ad
1341 1227 1517 1297 brmctte.
1559 1223 1689 1300 Amen.
1737 1225 1860 1298 Saluta
1883 1226 1970 1296 meis
1993 1226 2113 1296 verbis
2132 1237 2315 1296 reverenter
2380 1238 2386 1294 t

294 1333 487 1425 templum,
513 1329 589 1420 cepi
611 1353 736 1430 eorum
752 1327 900 1396 consilio
927 1351 968 1396 eo
990 1325 1129 1398 facilius
1152 1329 1291 1398 obtem·
1340 1325 1385 1398 D.
1407 1325 1508 1400 Doct.
1530 1315 1779 1422 Crucigeram.
1815 1325 1950 1400 'Datne
1976 1351 2058 1400 casm
2079 1350 2215 1398 wmma
2234 1327 2317 1398 lesti-
2380 1352 2385 1425 2

292 1458 435 1529 pecare,
462 1433 557 1525 quod
582 1425 671 1500 inihi
694 1425 740 1504 D.
760 1419 1012 1498 Leonlrordus
1033 1451 1130 1520 spem
1152 1431 1291 1514 fecerat,
1341 1425 1505 1512 natione,
1532 1428 1699 1506 d.XXV.
1714 1427 1838 1502 Martii
1852 1425 2030 1503 tuum.
2269 1427 2272 1432 ’

293 1561 329 1608 se
358 1557 452 1606 meas
487 1547 699 1626 empturum.
765 1529 930 1604 Sollicito
963 1530 1072 1620 igitur
1104 1531 1289 1600 dominum
1783 1521 1788 1528 ’
1879 1529 2219 1635 Paulmfflbm)

293 1629 502 1721 Rectorem,
527 1645 562 1705 et
576 1657 661 1725 rogo
675 1631 721 1706 D.
737 1625 987 1726 Augustinnm
1013 1645 1046 1700 et
1061 1631 1169 1712 alios,
1194 1645 1234 1701 ot
1251 1655 1290 1700 ea
1751 1635 1758 1642 “
1837 1641 1894 1712 tui
1909 1639 2248 1716 observantissimus,

293 1741 333 1810 in
354 1764 392 1810 re
413 1761 471 1807 me
494 1738 680 1822 iuvarent,
715 1734 778 1828 qui
801 1757 924 1828 omnes
949 1728 1041 1802 mibi
1063 1735 1215 1825 benigne
1232 1757 1291 1802 re-

292 1841 525 1934 sponderunt.
576 1837 647 1908 Sed
665 1837 744 1906 vide
760 1837 845 1930 qaid
868 1835 1052 1906 acciderit!
1105 1829 1291 1913 D.‚Lcan-

292 1935 440 2012 hardus
462 1965 543 2012 cum
569 1939 669 2010 audit
689 1939 791 2008 aedes
805 1927 944 2007 Planci
965 1937 1126 2023 venales,
1153 1961 1210 2008 me
1231 1961 1290 2008 ac-

293 2045 414 2130 cersit,
437 2044 545 2113 relect
571 2041 615 2111 ad
634 2063 670 2110 se
692 2061 765 2110 esse
789 2039 940 2114 delatam
959 2043 1289 2112 emtionemdomus

1441 1773 1607 1848 Salutant
1627 1787 1663 1846 te
1689 1771 1838 1859 coniux,
1862 1773 1985 1862 liberi,
2017 1767 2184 1844 Ioannes
2202 1783 2317 1844 etcon-
2385 1863 2386 1872 ἵ

1442 1880 1592 1950 victores
1603 1877 1726 1948 nostri.
1766 1871 1866 1964 Esto,
1890 1899 2033 1972 quaeso,
2057 1899 2195 1946 memor
2208 1873 2316 1966 optimi

1439 1980 1511 2050 viri
1524 1977 1632 2053 Doro.
1645 1973 1867 2068 Maraccas,
1900 1993 1941 2050 ut
1966 1981 2068 2060 sciat,
2094 1977 2180 2072 quid
2197 1975 2267 2071 spei
2281 1973 2316 2044 sit
2386 1991 2387 1996 ’

294 2141 449 2226 Planci,
477 2157 595 2234 rogat,
620 2155 661 2213 ut
675 2145 866 2213 concedam
889 2141 1001 2213 tridui
1023 2143 1173 2234 spatium
1199 2139 1290 2210 deli-
1441 2081 1621 2203 idmum
1636 2079 1680 2152 de
1695 2081 1947 2172 Argentmenffl
1965 2083 2183 2154 ⁰⁰¹¹d¹²¹⁰¹¹²·

187 2299 192 2308 -
293 2247 443 2320 beraudi
457 2271 537 2316 cum
551 2245 711 2334 coniuge,
736 2258 853 2315 utram
868 2244 970 2314 malit
985 2267 1112 2318 emere.
1142 2237 1289 2318 Annua.
1386 2265 1391 2272 ·

293 2349 350 2422 Ibi
365 2349 425 2420 ille
441 2335 533 2440 cepit
547 2369 670 2416 omnes
685 2341 866 2416 machinas
882 2345 1075 2439 explicare,
1097 2359 1139 2417 ut
1151 2369 1208 2415 me
1224 2367 1290 2415 an-

294 2463 490 2524 teverteret.
546 2445 619 2520 Res
649 2447 813 2518 differtor
838 2451 883 2518 ad
909 2447 1179 2534 consistorium,
1217 2471 1289 2544 quo

293 2566 426 2638 coacto,
452 2575 532 2621 cum
549 2563 639 2620 esset
653 2549 885 2620 deliberatum
902 2562 935 2620 et
950 2547 1130 2622 decretum
1145 2551 1190 2620 de
1202 2572 1290 2620 vcu-

294 2655 422 2727 dendis
438 2652 586 2722 aedibus
603 2651 721 2722 nescio
742 2651 828 2746 quid
849 2652 1025 2722 sermonis
1045 2651 1199 2724 audierit
1213 2647 1291 2722 Do·

293 2771 387 2842 ctor,
412 2747 504 2825 mihi
517 2753 719 2838 renuntiat,
743 2769 784 2826 ut
798 2777 964 2848 quaeram
980 2755 1091 2826 alium
1110 2767 1292 2824 amtorem.

294 2857 422 2930 Neutri
436 2851 552 2927 adbuc
568 2868 653 2926 sont
665 2855 887 2926 adiudicatae
908 2858 1021 2929 aedes.
1072 2851 1193 2926 Audio
1215 2873 1290 2924 rem

294 2963 339 3032 ad
355 2958 586 3032 licitationem
604 2957 750 3042 deduci,
773 2971 815 3028 ut
837 2961 984 3029 domum
1005 2957 1202 3052 possideat,
1228 2955 1292 3050 qui
1341 2959 1495 3063 Optimo
1528 2965 1605 3038 vim
1625 2959 1773 3040 Christi
1790 2989 1893 3036 servo
1914 2959 1969 3036 D.
1994 2962 2024 3038 Ι
2028 2931 2132 3039 nato
2167 2963 2197 3040 Ι
2201 2987 2320 3045 onoc,

293 3063 375 3156 plus
389 3061 641 3132 numeraverit.
692 3057 775 3148 Quo
792 3059 831 3128 in
848 3061 1038 3131 certamine
1052 3083 1108 3130 me
1131 3081 1292 3129 succum-

1352 2445 1421 2522 No.
1436 2445 1550 2518 2170.

1338 2547 1549 2583 Μ

1590 2606 1807 2718 Osiander
1832 2627 1895 2716 ad
1919 2625 2088 2718 Ionum.

1408 2811 1428 2879 †
1447 2806 1484 2861 Er
1498 2805 1668 2882 autographo
1682 2806 1856 2862 Ostandrs'in
1873 2805 1984 2864 Volum.
1998 2805 2083 2880 Epist.
2096 2807 2228 2882 Melaing.
2238 2807 2319 2880 epau

2154 2460 2213 2524 28.
2229 2449 2307 2516 Mat

2160 2539 2316 2576 Μ

293 3165 473 3248 biturum,
499 3163 579 3256 quis
595 3157 824 3232 nt'suvideat?
874 3161 998 3256 Itaque
1025 3185 1089 3252 ego
1114 3161 1168 3230 illi
1188 3159 1291 3230 facile

294 3267 391 3340 cedo.
443 3263 514 3335 Sed
530 3263 669 3358 quoties
684 3261 804 3356 optavi
819 3277 917 3334 tuam
933 3263 1180 3358 praesentiam,
1201 3285 1291 3356 quae

295 3362 386 3437 mibi
410 3368 582 3458 potuisset
612 3365 818 3436 adiumento
851 3367 943 3438 esse!
995 3365 1101 3438 Nunc
1136 3363 1291 3457 comperi

294 3469 531 3562 plurimorum
541 3465 741 3538 voluntates
756 3487 835 3558 erga
850 3491 908 3538 me
922 3491 1068 3562 prorsus
1083 3467 1169 3538 alias
1184 3489 1289 3559 quam

295 3583 475 3664 apparent.
528 3567 611 3640 Nou
635 3591 776 3639 vererer
796 3571 901 3641 etiam
926 3571 1062 3655 dicere,
1092 3589 1149 3638 me
1178 3591 1291 3660 prema

167 3733 179 3746 .
295 3698 314 3744 a
331 3671 516 3744 nonnullis
533 3685 671 3742 tantam
687 3673 788 3754 ideo,
813 3672 909 3767 quod
926 3695 984 3741 mc
999 3672 1065 3742 tibi
1081 3695 1200 3742 earum
1218 3691 1290 3738 esse

295 3773 506 3845 existimant.
558 3769 610 3842 Ea
626 3787 677 3844 cst
695 3773 840 3848 malitia.
869 3773 962 3845 ,sed
981 3775 1066 3844 nolo
1083 3785 1118 3844 te
1138 3771 1291 3866 querelis

294 3897 461 3958 onerare,
493 3887 701 3964 occupatum
724 3873 803 3943 aliis
823 3873 928 3949 curis.
977 3875 1075 3948 Deus
1095 3871 1183 3943 mibi
1206 3895 1292 3966 pro-

295 3976 451 4060 videbit,
478 3976 644 4059 maxime,
674 3991 714 4045 ιιι
740 3997 862 4068 spero,
895 3999 959 4070 per
979 3991 1033 4064 te,
1062 3999 1172 4072 quare
1194 3997 1292 4065 rogo,

295 4091 336 4150 ut
351 4079 395 4148 de
410 4076 615 4147 conditione
632 4077 780 4167 cogites,
805 4080 901 4148 un'de
918 4093 1052 4150 certum
1068 4078 1201 4150 victum
1215 4101 1292 4146 me-

296 4181 453 4251 diocrem
470 4179 592 4250 saltem
616 4171 748 4248 babere
766 4181 908 4270 possim.
959 4179 1051 4252 Nam
1073 4181 1118 4249 de
1140 4179 1291 4249 lectione

296 4277 389 4351 nibil
414 4295 482 4367 est,
523 4282 620 4374 quod
647 4303 781 4373 sperem
806 4283 959 4376 amplius
978 4283 1016 4352 in
1038 4279 1105 4354 hac
1125 4282 1292 4352 volunta-

297 4399 372 4454 tum
389 4383 588 4476 iniquitate.

399 4515 496 4585 llaec
527 4511 643 4582 obiter
677 4515 720 4582 de
752 4513 839 4583 meis
872 4515 978 4586 rebus
1004 4515 1156 4606 adiicere
1182 4514 1292 4590 volui.

297 4615 475 4687 Dominus
497 4607 714 4683 Friderr'cus
733 4607 937 4712 Myconius
966 4619 1111 4690 domum
1138 4611 1293 4712 rediit*)

297 4719 445 4788 meliore
461 4712 665 4788 valetudine
681 4727 714 4785 et
731 4739 802 4812 spe.
852 4715 997 4790 Petebat
1011 4744 1126 4816 nuper
1138 4744 1203 4812 per
1219 4744 1294 4814 epr-

297 4821 423 4890 stolam
442 4841 461 4888 a
477 4827 527 4902 te,
553 4833 593 4890 ut
609 4841 764 4899 curares,
792 4815 927 4914 aliquid
942 4846 983 4890 ex
1000 4822 1177 4890 anatomia
1195 4805 1292 4892 Cor-

294 4919 337 5016 pr‘
359 4920 512 4992 describi
533 4917 636 4991 Dom.
650 4918 797 4990 Ductori
812 4915 1034 4992 Slarcz'adac
1059 4923 1193 4992 medico
1216 4946 1294 5008 saro,

300 5025 400 5093 cuins
422 5021 544 5106 fidem,
577 5019 821 5111 diligentiam,
859 5025 1097 5096 straditionem
1116 5025 1205 5102 ,satis
1228 5024 1294 5096 tibi

298 5125 544 5194 commendare
566 5147 640 5192 non
662 5137 810 5215 poterat.
867 5125 909 5195 Id
934 5151 996 5218 ego
1020 5127 1162 5196 interim
1180 5125 1293 5212 effeci,

303 5335 535 5348 abt—t*-

335 5459 364 5527 *t
384 5459 497 5520 Fuerat,
515 5467 544 5510 ut
564 5455 725 5528 intelligitur
742 5475 772 5512 ex
783 5457 902 5516 eiusdem
916 5461 1045 5536 epistole,
1064 5461 1205 5520 Erlordise
1222 5459 1295 5533 apud

367 5529 539 5584 Sturciadem
554 5525 701 5584 medicum.

1340 3065 1379 3143 Τ
1377 3063 1553 3165 heologo,
1589 3093 1659 3142 suo
1682 3066 1723 3138 r‘n
1755 3061 1904 3137 domino
1928 3067 2055 3146 caries.
2070 3069 2200 3171 fratri
2224 3063 2322 3144 Wit-

1725 3167 1940 3266 ambergon

1340 3289 1385 3380 S.
1437 3305 1593 3378 Tamdiu
1607 3307 1670 3378 abs
1684 3321 1719 3380 te
1735 3303 1829 3376 nihil
1845 3307 2029 3378 literarum
2045 3309 2177 3404 accepi,
2199 3321 2237 3379 ιιι
2252 3329 2323 3400 pro-

1340 3407 1531 3504 pemodum
1549 3410 1710 3480 dubitem
1729 3433 1776 3479 an
1793 3403 1910 3479 adbuc
1924 3409 1963 3478 in
1979 3409 2070 3481 vivis
2086 3413 2224 3492 existas,
2237 3403 2323 3479 Iona

1341 3512 1563 3598 doctissime,
1593 3531 1801 3606 quanquam
1820 3531 1990 3602 agnosco,
2029 3513 2132 3586 tede
2158 3539 2215 3584 me
2240 3511 2324 3586 idem

1341 3613 1509 3708 conqueri
1528 3637 1641 3706 posse.
1691 3610 1864 3684 Excitabo
1884 3612 1991 3703 igitur
2012 3625 2045 3685 te
2067 3616 2199 3689 iterum
2223 3609 2325 3710 quali-

1341 3719 1548 3808 buscunque
1569 3713 1701 3800 literis,
1741 3727 1782 3785 ιιι
1805 3715 1950 3785 taudem
1976 3717 2088 3790 veluti
2113 3711 2323 3814 postliminio

1341 3817 1477 3912 aliquid
1494 3819 1535 3887 ad
1552 3839 1609 3887 me
1628 3815 1812 3892 rescribas.

1443 3941 1680 4023 Caesareum
1695 3941 1766 4021 buc
1782 3945 2009 4048 transiret¹),
2032 3973 2153 4024 secum
2177 3949 2270 4022 vexit
2282 3948 2326 4018 le-

1341 4053 1499 4145 gationes
1524 4052 1699 4124 Gallicam
1732 4065 1766 4122 et
1788 4048 1986 4142 Anglicam.
2044 4047 2192 4146 Anglici
2221 4065 2325 4126 autem

1342 4169 1443 4227 erant
1477 4149 1521 4230 V
1516 4149 1788 4250 intoniensis²)
1826 4155 2010 4248 episcopus
2041 4170 2075 4230 et
2100 4155 2229 4230 Comes
2256 4151 2327 4249 qui-

1342 4260 1445 4344 dam,
1483 4257 1522 4326 in
1553 4279 1707 4350 quorum
1744 4257 1913 4328 comitatu
1943 4280 2024 4328 cum
2058 4274 2147 4331 essct
2170 4253 2209 4328 T
2208 4251 2328 4328 domas

1341 4353 1380 4430 T
1378 4351 1603 4444 heobaldus,
1623 4371 1723 4430 vetus
1740 4355 1874 4429 amicus
1893 4381 2015 4444 meus,
2047 4357 2173 4432 mrius⁵
2184 4357 2201 4456 )
2232 4377 2328 4450 opera

1342 4464 1474 4532 facturn
1501 4475 1570 4546 est,
1602 4471 1746 4531 utrum
1770 4459 1820 4530 eis
1837 4463 2069 4553 pranderem,
2095 4476 2131 4534 et
2147 4488 2228 4534 cum
2242 4459 2327 4531 Viu-

1343 4563 1497 4634 toniensi
1511 4563 1727 4654 disputarem
1744 4563 1788 4632 ad
1804 4573 1876 4634 tres
1891 4563 1964 4634 sere
1980 4557 2087 4634 horas
2109 4567 2154 4634 de
2169 4563 2328 4636 iustifica-

1342 4667 1453 4740 tione.
1510 4661 1633 4736 Primo
1656 4663 1874 4756 largiebatur
1893 4665 2035 4752 omnia,
2072 4691 2169 4760 quae.
2185 4689 2251 4740 nos
2275 4686 2329 4731 su·

1349 4871 1575 4892 w

1376 4997 1405 5069 ²⁸)
1425 4997 1543 5052 Videtur
1555 5013 1613 5052 esse
1627 4992 1696 5052 liber
1707 4994 1819 5051 Lntlreri
1833 4993 1962 5052 adsersus
1977 4946 2126 5056 trecarum
2140 4995 2330 5058 mussa-ises-

1412 5085 1485 5122 sen:
1503 5065 1591 5123 tbitrc
1602 5063 1756 5132 ιιιιιιιιιιιι
1769 5073 1822 5120 etc.

1379 5151 1405 5224 1)
1424 5149 1584 5220 Caeneum,
1605 5167 1620 5202 e
1640 5149 1735 5230 Relqio
1754 5147 1957 5220 advenientem,
1983 5148 2035 5233 iter
2052 5167 2102 5222 per
2119 5149 2332 5222 Norimberqnn,

1412 5239 1494 5292 quem
1507 5228 1586 5274 antee
1607 5235 1664 5272 aon
1680 5218 1805 5285 redisset,
1822 5217 1935 5286 fecisse,
1958 5219 2050 5342 ibvqae
2069 5217 2330 5294 nvspnitieeatissimo

1411 5297 1554 5410 exceptum
1580 5305 1638 5342 esse
1657 5295 1802 5362 apparatu,
1830 5297 1922 5342 namet
1940 5285 1995 5342 Slei
2017 5307 2084 5344 anus
2103 5289 2131 5346 in
2150 5291 2330 5346 Commenta.

1377 5353 1579 5508 ”pirinbom
1591 5435 1744 5511 German,
1761 5437 1905 5512 episeopus
1919 5438 2112 5498 vintoniensis.
2205 5423 2210 5432 ⁸

1381 5523 1522 5598 δὶοιιίιιι9
1534 5549 1572 5562 -·
1587 5522 1694 5595 potiere
1710 5525 1779 5578 eius.
