4712 6268
314 347 391 420 659

324 514 395 592 No.
408 511 523 590 236⁹.

319 611 534 665 W

394 748 398 759 ·
674 695 974 790 Messores.

548 814 558 849 l

354 941 359 951 ⁸
385 883 514 1006 diffisa:
528 941 703 1012 Caesarium,
728 940 800 1001 Phil.
845 939 879 1000 cl.

420 1017 567 1090 losspbsm
583 1016 759 1088 enganno
770 945 961 1072 ld.l).lilai.1¹¹
975 943 1055 1014 Bw)
1080 943 1241 1014 vnebwe
1261 959 1284 1068 i

451 1087 529 1145 istola
554 1085 624 1140 edita
647 1093 696 1142 est.
721 1112 757 1122 -
799 1083 904 1138 Recusa
929 1051 959 1136 iis
974 1011 1281 1153 elipigiinitiilhiiididnt

496 832 769 950 simum,sepsigtlms
786 875 810 930 E
830 863 957 932 lstols'ds
969 883 1106 937 consentu
1120 871 1312 933 iistisbonensi

1282 1031 1312 1135 1¹1⁸
1360 1051 1634 1148 Multorumqus
1649 1055 1893 1143 investitam,
1916 1075 2102 1152 moresque
2113 1059 2267 1148 gubernas.

872 335 1314 428 arrsrousauu
1364 339 1476 422 ma.
1507 337 1610 424 uu.
1633 287 1637 297 ’
1664 337 1797 422 ssu.
2242 355 2288 432 u

933 529 938 536 ·
1052 518 1103 606 (ts.
1118 518 1307 604 tnenmp.)
1391 521 1424 560 ·“
1462 511 1567 586 Talia
1581 539 1785 610 proponens
1799 515 1892 590 ritas
1907 516 2091 590 simulacra
2103 523 2254 612 regendm

1028 613 1301 654 Μ
1360 609 1448 688 Esse
1464 613 1582 688 Deum
1596 641 1792 701 memoras,
1817 619 2176 718 quiredditpraemis
2191 623 2272 710 iust'u,

1359 715 1408 788 Et
1422 717 1593 790 scelerum
1609 741 1742 812 poenas
1756 733 1891 791 atroces
1906 722 2013 813 exigit
2025 717 2127 798 ultor.

1358 817 1594 916 Hortarisque
1612 821 1712 916 sequi
1725 821 1821 900 bons
1832 843 1912 901 non
1922 823 2255 918 petiiutainwnwt

1460 949 1562 1022 Felix
1577 953 1642 1048 qoi
1654 954 1784 1026 studiis
1796 955 1953 1027 traducis
1967 949 2097 1026 talibus
2109 952 2229 1044 ὁεπιπι,

401 1162 403 1171 “
416 1163 428 1226 (
456 1151 522 1212 ifeb.
538 1151 614 1209 1579.
632 1151 670 1224 8.)
694 1169 721 1223 p.
734 1148 777 1206 80.
798 1161 826 1208 el
845 1153 873 1206 in
886 1147 1002 1224 Scriptis
1014 1147 1089 1224 publ.
1103 1145 1194 1205 Vileb.
1211 1147 1246 1204 Τ.
1260 1147 1310 1206 ΙΙΙ.
1362 1149 1416 1226 Ac
1430 1155 1543 1226 veluti
1558 1153 1687 1228 Nestor
1700 1159 1945 1252 populumque
1956 1159 2129 1254 ducesque
2141 1162 2264 1248 regebat,

421 1223 524 1298 puts.

317 1349 496 1488 Epistold
511 1349 554 1456 de
569 1351 757 1458 Consentis
775 1371 1048 1457 Ratisdoncnsi
1061 1360 1116 1476 hd
1127 1371 1157 1452 Ι
1163 1367 1250 1448 ota
1260 1399 1312 1459 ης

383 1553 387 1563 .
511 1564 515 1572 ,
610 1462 1084 1573 daemonorium„
1157 1559 1160 1567 ,
1235 1547 1239 1556 .

316 1568 503 1698 liuenti
519 1617 675 1690 collectis
692 1617 843 1688 ducibus
858 1615 931 1686 iam
947 1611 1078 1690 Caesar
1091 1614 1136 1690 ed
1154 1609 1285 1690 lemn

315 1725 368 1800 Et
382 1727 491 1796 iustas
502 1722 613 1809 leges,
639 1731 675 1788 et
688 1718 782 1809 pacis
797 1717 940 1786 foedera
956 1715 1081 1796 sancit,
1207 1779 1214 1804 ,

315 1826 365 1900 Et
381 1827 499 1898 studet
512 1819 670 1896 arbitriis
685 1818 807 1911 aequis
821 1819 942 1888 sedare
958 1817 1143 1902 tumultus,

317 1926 436 2022 Opto,
461 1947 584 2004 senex,
609 1919 677 1992 tibi
694 1932 912 2012 perpetuam,
927 1919 1139 1998 venerande,
1155 1916 1313 2002 salutem,

316 2029 387 2106 Cui
401 2042 501 2121 pater
514 2022 674 2114 adsurgit
687 2023 805 2090 medio
820 2023 863 2089 de
879 2021 1027 2090 flumine
1043 2015 1205 2104 Rhenus,

316 2133 361 2206 ln
376 2132 455 2224 ripa
470 2125 607 2220 quoties
620 2122 789 2208 coelestia¹
798 2122 892 2190 iussa
906 2133 1104 2204 sonantem,
1156 2191 1160 2206 ,

196 2295 204 2302 .
320 2235 609 2320 Tendentemque
623 2225 723 2294 audit
738 2235 922 2314 praecepta
938 2221 1095 2292 salubria
1108 2214 1215 2306 vitae,

316 2333 531 2408 Errantesve
541 2325 568 2424 ¹)
584 2326 667 2418 polo
684 2324 805 2396 stellae
822 2347 892 2418 qua
906 2323 981 2414 lege
996 2334 1180 2412 vagentur,

319 2439 490 2528 Quasque
505 2430 597 2514 vices
610 2425 728 2516 regnis
743 2427 959 2518 portendant
974 2425 1064 2505 iata,
1093 2425 1289 2508 docentem,

318 2543 375 2612 Ae
388 2531 577 2606 hominum
593 2542 713 2598 coetus
726 2529 771 2596 ad
787 2547 932 2597 munera
945 2527 1037 2596 iusta
1050 2537 1248 2610 vocantem,

318 2636 396 2714 Aut
409 2639 441 2715 si
456 2633 603 2728 quando,
615 2651 761 2714 mones,
785 2627 987 2722 quares-um
1003 2625 1168 2698 conditor
1181 2639 1256 2698 arte
1287 2687 1303 2710 ,

1298 2763 1301 2768 ·
1363 2731 1644 2832 Praestigiasque
1661 2737 1774 2810 oculis
1794 2738 1993 2834 animisque
2007 2737 2192 2838 offundere
2205 2759 2306 2823 ruunt,

318 2737 498 2821 indiderit
513 2725 792 2830 certas²)ryires,
816 2743 849 2802 et
864 2729 1000 2818 semina
1012 2727 1156 2819 plantis,
1184 2739 1204 2811 ζ
1225 2800 1230 2814 ,

317 2842 393 2914 Nec
408 2861 509 2910 caeco
525 2857 606 2905 casu
621 2829 733 2920 moles
746 2825 833 2903 baec
849 2845 926 2902 orta
941 2841 1095 2922 putetur,
1173 2845 1179 2858 ·

319 2944 428 3018 Facta
443 2941 505 3010 sed
522 2924 656 3006 aeter'ni
671 2933 761 3002 mira
778 2929 917 3002 ratione
930 2929 1098 3023 parentis,

232 3059 238 3075 '
318 3043 440 3138 thue
455 3036 643 3109 hominum
658 3053 767 3123 genus
784 3033 901 3102 autori
915 3055 1018 3102 curae
1033 3054 1106 3100 esse
1121 3030 1284 3117 sciamus,

319 3145 398 3218 liae
413 3165 480 3234 ope
496 3138 559 3233 qui
572 3136 674 3206 iussit
690 3155 810 3204 saevos
827 3131 1002 3224 depellere
1018 3131 1173 3216 morbos,
1271 3153 1279 3176 t

320 3245 370 3318 Et
385 3245 514 3317 celeres
531 3239 623 3308 vitae
638 3236 812 3325 fugientes
827 3247 992 3326 prorogat
1012 3255 1138 3317 annos,

321 3347 362 3421 Si
378 3345 484 3418 modo
505 3338 652 3412 donanti
670 3337 775 3408 fuerit
797 3359 896 3406 mens
909 3349 1025 3426 grata,
1051 3335 1194 3427 fruique

192 3521 194 3530 .
299 3437 303 3448 ⁵
319 3447 410 3523 Arte
426 3447 511 3516 sciet
525 3439 637 3513 tantis
652 3438 776 3522 donis,
801 3437 958 3530 luxuque
972 3438 1092 3525 fugato
1127 3430 1132 3448 ‘

320 3547 415 3641 Lege
430 3545 630 3636 voluptates
644 3563 763 3629 regere
780 3551 815 3608 et
827 3539 967 3607 frenare
981 3535 1148 3610 studebit.

423 3677 474 3754 At
489 3675 632 3775 quando
649 3672 773 3742 recitas
787 3669 946 3761 exempla
961 3681 1099 3739 vetusta
1112 3664 1291 3761 iuventaq

322 3786 422 3876 Quas
440 3777 602 3852 dederint
618 3795 749 3866 poenas
762 3771 890 3864 polluti
905 3771 1010 3842 caede
1022 3767 1201 3864 Tyranni,

323 3885 422 3978 Quas
437 3883 543 3954 urbes
558 3892 594 3948 et
608 3900 696 3970 quos
711 3895 808 3966 reges
824 3874 953 3942 incesta
971 3871 1085 3940 libido

325 3980 488 4059 Vindicis
502 3983 553 4052 ira
567 3976 636 4048 'Dei
652 4000 757 4073 qnam
772 3999 845 4044 non
862 3971 1043 4066 placabilis
1059 3986 1161 4060 urget
1289 4054 1294 4073 ί

322 4083 544 4170 Perdiderit,
570 4077 706 4150 Sibaris
721 4074 832 4147 veluti
849 4069 1064 4166 Thebaeque
1081 4083 1249 4144 nocentes

322 4186 469 4264 Deletae
482 4180 608 4256 subitis
620 4172 803 4272 perierunt
816 4172 977 4245 cladibus
992 4175 1099 4244 olim:

324 4289 409 4366 Sive
426 4276 466 4362 ut
480 4284 622 4356 collisae
636 4279 774 4352 ruerint
790 4275 956 4370 civilibus
970 4275 1079 4346 armis

324 4391 475 4466 Artibus
491 4400 524 4456 et
538 4385 670 4452 virtute
684 4393 810 4472 potens
823 4379 909 4448 urbs
923 4373 1057 4460 Attica,
1083 4387 1118 4447 et
1134 4367 1243 4444 huius

323 4491 477 4567 Aemula
491 4483 656 4557 bellatrix
671 4481 833 4572 Spartae,
860 4479 946 4548 dum
963 4475 1073 4568 gloria
1091 4480 1268 4572 utra'nque

325 4591 479 4667 Acribus
493 4585 629 4658 exacuit
643 4581 815 4668 stimulis,
840 4579 1011 4674 regnique
1027 4578 1168 4672 cupido.

326 4674 411 4771 siv'e
424 4684 659 4762 ut·Cliniades
673 4686 878 4785 inconstans
891 4683 1033 4756 foedera
1052 4701 1153 4770 saepe

327 4787 502 4873 Turbarit
511 4845 524 4877 ,
546 4787 677 4880 patrias
695 4797 728 4856 et
743 4779 1064 4860 tandem'everterit
1079 4801 1188 4866 arces,

327 4895 427 4992 Quas
444 4893 574 4964 iterum
589 4903 706 4960 tamen
724 4885 832 4956 erexit
849 4883 980 4991 virtute
995 4895 1152 4972 receptas

327 4997 476 5082 iustior,
501 5007 535 5064 et
552 5013 654 5059 veros
667 4987 815 5061 meritus
830 4976 1067 5056 Thrasibulus
1081 4973 1247 5055 honores.

328 5101 412 5177 Sive
425 5097 539 5180 ,duces
554 5086 648 5160 in'ter
662 5088 798 5186 quoties
814 5087 1005 5157 certamina
1020 5081 1158 5156 Romae

328 5193 488 5276 Moverit
504 5193 651 5270 ambitio
660 5194 684 5280 ,'
698 5201 732 5260 et
746 5185 860 5260 totum
878 5186 1094 5258 concusserit
1110 5181 1246 5257 orbem.
1262 5195 1265 5202 ⁴

365 5431 395 5498 l>
413 5425 459 5482 Sic
471 5421 572 5478 scebet.
585 5429 611 5478 et
621 5415 724 5491 script.
740 5415 817 5489 publ.
834 5447 871 5460 -
887 5414 935 5471 ssd
951 5413 981 5472 iu
994 5413 1086 5486 Epigr.
1099 5411 1307 5482 ammosa.

363 5517 397 5584 s)
413 5507 514 5580 sessu
526 5507 619 5560 am.

1360 1253 1510 1333 Atridae
1523 1257 1682 1344 fuerant,
1713 1258 1776 1356 qui
1791 1259 1934 1352 classem
1950 1274 1985 1332 et
1999 1260 2097 1351 sigua
2111 1262 2220 1332 secuti:

1362 1355 1422 1428 Sic
1435 1369 1493 1428 tua
1511 1358 1696 1449 doctorum
1712 1359 1864 1432 miratur
1878 1359 1986 1432 verba
2000 1359 2158 1450 Senatus,

1362 1455 1422 1529 Sic
1437 1469 1471 1530 et
1486 1457 1530 1529 ab
1547 1481 1608 1561 ore
1621 1473 1685 1566 tuo
1700 1463 1832 1554 pendet
1846 1461 2002 1586 studiopa
2017 1461 2185 1538 iuventus.

1462 1583 1500 1660 Ο
1514 1589 1650 1666 utinam
1665 1593 1785 1665 doctas
1799 1594 1923 1671 audire
1937 1607 1971 1673 et
1986 1594 2132 1670 reddere
2146 1619 2233 1668 mou

1361 1687 1439 1762 Hos
1456 1691 1550 1762 inter
1562 1705 1681 1769 coetus
1696 1688 1802 1766 isthic
1817 1689 1908 1766 mibi
1923 1693 2006 1770 lane
2020 1695 2151 1772 liceret.

1363 1789 1405 1864 ld
1420 1793 1526 1886 longe
1539 1795 1700 1881 mallem,
1726 1819 1833 1889 quam
1844 1821 1915 1891 quo
1927 1797 2022 1888 sapit
2036 1795 2184 1890 impetus
2194 1795 2270 1868 aulas

1362 1892 1569 1968 Conventus
1580 1891 1721 1988 Regum
1728 1891 1759 1993 ⁵)
1774 1897 1917 1984 sectari,
1940 1911 1975 1970 et
1989 1921 2155 1992 qrsaerere
2171 1899 2274 1968 lmen

1362 1995 1562 2088 Centauros
1574 1996 1687 2082 inter,
1711 1997 1904 2092 quilegum
1920 1998 2064 2070 vincula
2076 2015 2244 2096 spernunt,

1291 2167 1306 2199 Ι,
1363 2095 1462 2168 Inter
1477 2109 1511 2170 et
1526 2092 1685 2175 Aetolici
1698 2099 1864 2174 callentes
1876 2099 1972 2180 furta
1989 2093 2184 2194 Sopbistas,

1363 2195 1413 2270 Ut
1425 2197 1580 2270 lacerum
1592 2191 1728 2277 Christi
1742 2223 1888 2292 corpus,
1912 2199 2157 2298 discerptaque
2168 2203 2290 2276 menbra

1363 2297 1510 2386 Sanari,
1536 2307 1570 2370 et
1584 2297 1712 2370 melius
1728 2301 1866 2394 possint
1880 2303 2074 2374 coalescere
2089 2325 2214 2374 mrsus.

1447 2427 1532 2522 ileu
1540 2455 1646 2526 quam
1654 2455 1758 2504 saeva
1768 2429 2068 2508 cientnobishaec
2076 2407 2304 2530 praelianuim

1362 2527 1533 2604 Centauri
1546 2533 1695 2604 esitium
1710 2534 1820 2622 divis,
1843 2536 2013 2632 coeloque
2026 2539 2216 2614 minantur.

1364 2631 1435 2706 Sed
1451 2645 1590 2709 tentant
1602 2635 1763 2723 fraudes,
1784 2650 1818 2708 et
1834 2651 1995 2730 puguant
2008 2653 2085 2712 arte
2100 2637 2273 2732 sophistae,

1364 2833 1478 2930 Inque
1494 2859 1605 2904 novos
1622 2849 1769 2912 vertunt
1786 2839 1950 2915 coelestia
1967 2839 2061 2914 dicta
2079 2837 2261 2918 cothurnos

1364 2933 1504 3008 Horum
1522 2932 1592 3008 iarn
1609 2937 1728 3010 videas
1743 2935 1854 3034 odiis,
1877 2937 2079 3036 rabidoque
2091 2943 2209 3016 fnmre

1364 3035 1510 3110 Misceri
1524 3037 1696 3130 patriam,
1720 3039 1958 3136 scelerateque
1971 3041 2067 3114 bella
2083 3049 2225 3133 moveri,

1365 3123 1482 3210 Cadde
1497 3141 1719 3212 sacerdotum
1735 3139 1941 3238 pollutaque
1955 3143 2089 3240 templa
2101 3147 2235 3240 μίοπιιω

1366 3235 1507 3312 Vastari
1517 3249 1534 3324 ,'
1553 3255 1588 3312 et
1601 3237 1689 3313 tales
1704 3241 1848 3313 evertia
1866 3243 2009 3318 sedibus
2021 3247 2142 3318 urbes.

1365 3335 1413 3418 Ni
1428 3337 1547 3430 Deus,
1568 3353 1611 3412 ut
1625 3343 1936 3426 servetdoctrinae
1950 3349 2088 3420 semina
2104 3373 2213 3439 verse,

1364 3434 1561 3539 Praecones
1575 3439 1664 3512 fidos
1678 3452 1832 3535 regeret,
1855 3460 2083 3546 mentemque
2097 3453 2241 3542 potentis

1366 3541 1542 3618 Flecteret
1554 3533 1718 3638 Augusti¹
1727 3543 1902 3638 placidam
1917 3538 1962 3618 ad
1978 3551 2221 3627 moderamina
2232 3557 2293 3626 tani

1364 3643 1478 3716 Lenia
1492 3643 1649 3732 dissidii,
1674 3643 1777 3718 acad
1792 3647 1901 3720 iustae
1918 3649 2014 3744 pacis
2029 3675 2200 3732 arnonem.

1365 3741 1437 3815 llic
1449 3757 1543 3816 vetat
1558 3743 1597 3814 in
1611 3745 1747 3838 patriae
1762 3749 1913 3838 grassari
1927 3751 2063 3824 viscera
2081 3753 2188 3840 cives,

1366 3845 1436 3917 Hie
1450 3847 1522 3916 aris
1537 3845 1635 3936 parci
1648 3849 1812 3936 mandat,
1837 3851 2001 3946 legesque
2013 3856 2143 3942 vereri,

1366 3945 1436 4018 Hic
1450 3942 1617 4050 probibet
1630 3949 1947 4046 superumMystas
1964 3953 2139 4046 attingere
2152 3959 2248 4030 fenn-

1366 4047 1518 4140 Semper
1529 4059 1572 4122 ot
1587 4044 1674 4136 haec
1688 4048 1817 4122 Cacsar
1833 4051 1939 4125 faciat
1954 4055 2185 4146 mitissimus,
2206 4061 2270 4154 ipsi,

1366 4147 1461 4220 Nate
1472 4147 1571 4235 Deo&
1596 4147 1808 4246 populisque
1822 4151 1893 4225 tois
1909 4158 2095 4230 concedito
2104 4157 2251 4236 ‘L'hn'ste⁸

1293 4290 1298 4300 -
1367 4247 2164 4351 Necdecobrenmpluraadliciendapntavi

1369 4349 1412 4422 lu
1427 4353 1742 4446 quo'magnauimo
1760 4355 1891 4427 melius
1902 4359 1956 4428 nil
1971 4354 2125 4432 Castana
2140 4365 2219 4434 vidi.

1471 4482 1531 4555 Tu
1546 4470 1649 4572 vero,
1668 4491 1870 4558 venerande
1886 4474 2009 4578 senex,
2033 4490 2203 4592 salvaque
2215 4495 2314 4586 calep-s

1370 4583 1487 4676 Quem
1505 4585 1583 4656 colo
1600 4582 1834 4683 Telemachus
1848 4589 1957 4664 coluit
1972 4618 2037 4668 ceu
2051 4590 2200 4672 Nestora
2215 4595 2313 4688 Reges..

1371 4682 1546 4763 Iustitiam
1562 4687 1655 4758 senis
1669 4691 1867 4789 admirans,
1892 4705 1926 4765 et
1940 4709 2083 4791 pectora
2100 4687 2204 4797 plena

1370 4767 1541 4876 comitii,
1567 4801 1601 4860 et
1615 4790 1760 4889 ¹linguae
1774 4781 1946 4904 facundae
1962 4794 2080 4896 dulcia
2095 4796 2233 4896 plectra.

1405 5159 1436 5232 l)
1453 5159 1554 5236 script.
1567 5169 1595 5218 et
1608 5159 1854 5236 spirensem.
1977 5205 1981 5222 .
