4764 6270
59 345 122 428 aas
250 310 257 324 '
589 333 1499 436 aarsrounnuumnmn1541.
1718 367 1722 384 ·
1944 299 2062 418 'oso

58 515 408 607 oculuitiodeusque
422 511 467 584 ab
481 511 587 584 initio
601 511 740 597 muudi,
765 501 1022 602 neceritpost-
1073 507 1140 582 etsi
1164 507 1300 585 luerint
1322 507 1521 598 luctuosae,
1564 525 1682 586 tamen
1709 515 1742 586 si
1764 515 1992 588 conferantur
2016 519 2063 590 ad

56 643 98 692 aa·
137 615 207 688 Eoi
229 616 323 686 euin
343 637 480 706 semper
503 599 662 686 Ecclesia
685 637 761 684 non
784 613 924 684 levibus
943 635 1021 682 cer·
1070 605 1295 686 Pomificiam
1315 606 1590 706 sidrutem-iou
1614 617 1936 688 coniunctameun
1949 619 2066 690 saeni-
2119 627 2122 636 ’

57 719 223 797 anhlitu
245 729 279 788 et
291 713 486 786 aerumnis
500 727 701 798 exemtus,
739 728 859 786 tamen
889 714 928 782 in
952 706 1021 783 hac
1071 712 1138 797 tia,
1164 711 1466 798 adleuaticorum
1485 715 1631 806 deliria,
1655 719 1701 787 sd
1717 714 2064 813 Epicureorumste·

55 835 205 915 postrema
225 829 335 890 astate
356 817 547 896 durissime
563 822 769 910 'quassatum
824 814 1021 908 Nunquam
1068 807 1275 906 βηιότητα,
1304 813 1405 889 cuius
1428 812 1631 905 contagium
1650 817 1889 912 interogatus
1908 833 1942 919 et
1962 820 2063 901 relli-

57 936 144 997 totac
157 935 222 990 tam
240 941 341 988 saeva
353 927 481 1008 genera
495 917 735 988 calamitatum
750 929 1018 989 eorrcurrerunt.
1069 915 1209 1003 gionem
1227 911 1366 1002 obruit,
1389 913 1542 1010 denique
1556 917 1600 989 ad
1615 919 1814 990 barbariem
1838 931 1874 992 et
1895 921 2072 994 immani.

54 1021 160 1095 ttotos
173 1019 294 1090 madia
308 1043 419 1112 paene
434 1039 579 1114 prorsus
594 1018 746 1094 extincta
753 1013 941 1108 Evangelii
960 1017 1018 1086 lu·
1067 1013 1398 1098 tatem'lfurcicsm,
1425 1031 1558 1111 qcrauto
1580 1022 1741 1108 gravium
1763 1017 1835 1092 sint
1855 1018 1941 1094 haec
1956 1018 2076 1106 mala,

54 1147 100 1208 ce,
122 1143 257 1210 magnae
272 1121 312 1192 in
327 1117 485 1192 Ecclesia
500 1121 666 1192 tenebrae
680 1119 846 1204 luerunt,
870 1132 905 1190 et
921 1139 1017 1208 gras-
1068 1117 1171 1188 facilc
1193 1117 1344 1188 iudicari
1368 1131 1493 1209 pomst.
1550 1115 1648 1192 Haec
1671 1145 1714 1192 eo
1741 1146 2000 1214 commemoro,
2022 1139 2062 1198 ut

54 1237 129 1296 satae
142 1233 305 1294 nmtnon
324 1215 706 1314 leveseldcsloptoru'ott.
757 1217 831 1290 llas
848 1221 1017 1290 ‹tetemte-
1068 1218 1130 1309 pii,
1146 1215 1324 1290 Ecclesiae
1341 1241 1527 1292 aerumnas
1550 1223 1671 1294 animo
1687 1237 1910 1317 reputantes,
1932 1236 2060 1298 amed-

52 1339 121 1396 mut
132 1322 321 1406 Pontifices,
344 1320 527 1414 Episcopi,
553 1336 589 1394 et
601 1331 725 1394 comam
744 1321 920 1406 satellites,
942 1343 1030 1390 uon·
1067 1321 1198 1392 dantur
1221 1321 1268 1393 ad
1283 1323 1477 1412 petendum
1492 1345 1512 1392 a
1528 1323 1617 1396 duce
1630 1320 1776 1398 Christo
1791 1328 1979 1414 auxilium,
1996 1330 2058 1422 qui

52 1426 149 1506 aliter,
173 1445 278 1518 quam
295 1423 373 1496 Iler
386 1421 609 1518 Babylonius
627 1445 709 1494 suae
732 1434 866 1496 statuae
887 1423 1030 1498 adora,
1066 1443 1165 1492 nurse
1177 1415 1274 1490 houd
1291 1421 1400 1494 dubie
1416 1424 1628 1496 mirabiliter
1640 1449 1722 1497 cum
1740 1429 1926 1500 diabolicis
1945 1431 2071 1523 agnai-¹

51 1527 162 1596 tunam
176 1526 349 1600 terebatur.
399 1525 584 1598 Saevitum
601 1538 652 1596 est
676 1525 713 1592 in
733 1525 891 1596 membra
906 1518 1016 1594 Chri-
1065 1523 1173 1594 nibus
1192 1521 1432 1594 rabiosissime
1459 1525 1660 1598 laurentibus
1683 1524 1839 1603 dimicat.
1894 1529 1965 1602 Sed
1980 1528 2074 1602 'hos’

50 1629 100 1712 sti,
120 1627 154 1698 in
175 1621 337 1696 hosium
355 1625 436 1719 pios
456 1627 520 1720 qui
536 1639 701 1697 taurum
715 1647 863 1698 amores.
914 1621 1016 1696 Simu
1065 1635 1167 1695 vocat
1194 1623 1240 1694 ad
1270 1623 1419 1694 eandem
1443 1627 1627 1713 militiam,
1663 1645 1776 1702 armat
1802 1651 1888 1712 nos,
1908 1645 1957 1702 'ct
1980 1633 2059 1704 vdit

50 1729 146 1822 iuquit
157 1725 295 1812 Daniel,
319 1728 444 1798 doctos
457 1728 616 1798 ruituros
633 1749 705 1798 esse
721 1725 1028 1814 intemeratus-1
1065 1737 1157 1796 stare
1176 1723 1388 1810 instructos,
1421 1737 1463 1796 ut
1482 1753 1547 1800 suo
1569 1729 1721 1824 quisque
1746 1731 1825 1802 loeo
1853 1731 2057 1824 praelietur,

49 1829 111 1914 dio,
128 1828 292 1909 dammis,
316 1829 444 1900 etali'ss
459 1829 575 1900 modis
590 1827 814 1900 excruciatos.
859 1823 1016 1898 Accessit
1064 1826 1143 1898 vult
1162 1825 1242 1918 pios
1264 1827 1425 1898 doctores
1449 1829 1603 1900 retinere
1625 1833 1807 1906 doctrinae
1822 1829 2057 1926 Evangelieae

49 1929 83 1998 ad
96 1924 155 2000 hoc
168 1931 302 2002 malum
314 1929 431 2000 rabies
439 1929 601 2015 Tus-cira,
623 1951 716 2023 quae
732 1931 771 1998 io
787 1923 884 2014 Asia,
901 1925 1015 1998 Grae·
1064 1928 1270 2018 puritatem,
1292 1927 1371 1998 vult
1384 1928 1498 2000 boam
1512 1931 1764 2020 gubernatores
1783 1935 1951 2008 adiurare
1971 1956 2058 2029 puo-

49 2031 105 2115 cis,
133 2027 287 2126 Illyrico,
321 2025 497 2117 Thracia,
528 2045 564 2102 et
587 2027 764 2102 Ecclesiae
795 2028 941 2114 delevit,
977 2041 1014 2099 et
1064 2029 1287 2119 pagatianum
1306 2051 1411 2100 verae
1432 2045 1467 2102 et
1488 2035 1653 2104 salutaris
1667 2037 1865 2119 doctrinae,
1890 2039 2072 2109 etdelcre‘

48 2147 161 2204 eamcet
180 2131 425 2204 crudelitatem
454 2147 624 2226 quamam
644 2130 745 2204 nulla
767 2132 931 2204 exercuit·
945 2153 1015 2200 un-
1064 2131 1160 2208 idola
1184 2141 1220 2200 et
1244 2130 1481 2204 fanaticorum
1502 2134 1646 2221 deliria,
1671 2137 1749 2208 vult
1769 2137 1849 2230 pios
1866 2139 2072 2210 bellatores·
2116 2175 2124 2196 ι
2268 2113 2275 2124 ’

48 2257 132 2324 pum
155 2227 372 2310 monachia.
421 2231 589 2319 Interim,
618 2245 654 2305 ct
676 2231 866 2306 seditiones
890 2233 1014 2302 doroe-
1064 2231 1251 2302 ‹lelendere
1274 2227 1469 2320 Ecclesiam,
1494 2236 1656 2326 politiae,
1680 2237 1792 2327 leges,
1816 2240 2072 2331 disciplinam·

48 2334 132 2404 sticae
145 2329 343 2416 haeresium
359 2335 490 2426 passim
505 2335 739 2406 tumultuatae
755 2345 848 2404 sunt.
887 2330 940 2403 Ac
956 2355 1013 2404 rc-
1064 2333 1231 2404 adversus
1251 2331 1443 2404 'l'urcicum
1466 2336 1635 2406 sutorem.
1685 2337 1754 2410 Sed
1778 2351 1820 2412 ut
1844 2355 1896 2412 est
1913 2343 2054 2412 infirma

48 2457 112 2504 tens
138 2449 320 2530 postquam
346 2433 444 2508 Deus
471 2435 628 2529 aliquam
655 2433 843 2525 Evangelii
875 2433 1014 2506 scintil-
1063 2445 1099 2503 et
1114 2432 1281 2524 dissipata
1303 2457 1386 2504 vera
1401 2431 1577 2523 Ecclesia,
1600 2439 1650 2510 ita
1672 2442 1828 2528 segniter
1849 2443 2055 2536 praeliatur,

47 2535 240 2608 lemnostris
251 2533 424 2608 Ecclesiis
439 2535 614 2622 reddidit,
638 2535 740 2630 quasi
758 2535 1014 2608 omuiumccr·
1062 2533 1175 2604 multo
1197 2535 1320 2626 plures
1338 2549 1442 2621 sunt,
1477 2538 1540 2631 qui
1562 2540 1761 2632 impediunt
1784 2543 1962 2614 munnam
1990 2569 2056 2616 vo-

47 2637 196 2716 taminum
225 2639 323 2708 nunc
350 2638 397 2710 sit
422 2637 581 2730 epitasis,
619 2633 731 2727 magis
757 2636 886 2708 exarsit
910 2636 1012 2706 furor
1061 2637 1226 2709 luntatss.
1275 2631 1350 2708 Diu
1363 2634 1553 2710 Pontifices
1573 2642 1843 2716 conatisuntin
1859 2644 2054 2716 Germania

45 2733 175 2810 Diaboli.
196 2738 385 2810 Pontifices
399 2739 600 2812 saevierunt
614 2737 778 2824 atrocius,
804 2736 916 2810 Tucci
929 2737 1012 2808 lon-
1061 2735 1167 2808 ciuile
1192 2737 1327 2808 loellmn
1353 2741 1561 2826 accendere,
1598 2755 1716 2815 extent
1740 2745 1839 2816 enim
1866 2747 1988 2818 literae
2013 2749 2075 2816 in'
2198 2825 2205 2833 ⁸

46 2839 107 2924 gius
117 2841 304 2932 progressi,
328 2841 618 2922 florentissuuum
640 2861 789 2930 regnum
803 2835 1011 2910 Pannonias
1061 2861 1137 2908 earn
1158 2839 1368 2908 seutentiam
1393 2841 1439 2910 ad
1473 2838 1646 2934 quosdam
1678 2845 1857 2940 principes
1891 2849 2052 2941 scriptae.

46 2956 211 3032 compunt,
245 2957 281 3012 et
302 2943 434 3022 iamin
453 2941 628 3014 vestibulo
653 2939 774 3014 ltaliae
797 2962 838 3012 ac
860 2939 1011 3012 Germa·
1061 2937 1134 3010 Sed
1146 2935 1343 3031 Imperator
1357 2925 1519 3012 Coretus
1533 2945 1631 3035 pauci
1648 2946 1763 3018 voluit
1781 2949 1934 3044 patriae,
1961 2961 1995 3020 et
2012 2965 2054 3022 ut

46 3041 109 3112 ιιὶιι
129 3043 411 3116 crudelissimum
437 3043 664 3116 latrocinium
691 3054 865 3114 wrcent.
922 3039 1011 3112 Pas-
1060 3035 1307 3112 Ecclesiastico
1342 3063 1442 3112 more
1481 3043 1762 3120 diiudicarentur
1793 3053 2052 3124 controversiae

45 3143 96 3210 sim
115 3165 193 3216 vero
214 3147 254 3216 in
267 3141 413 3236 Europa
438 3145 550 3216 crevit
569 3140 747 3236 Epicurea
770 3142 895 3228 factio,
920 3167 1010 3238 quae
1060 3142 1286 3232 dogmatum,
1310 3141 1690 3241 iussitcogisynodos;
1713 3152 1777 3225 sed
1787 3149 1976 3224 Pontifices
1995 3153 2052 3224 vi.

44 3241 198 3332 singulare
208 3269 322 3340 genus
334 3245 526 3338 sapientiae
539 3269 613 3318 esse
628 3246 739 3330 ducit,
764 3243 881 3317 ridere
893 3239 1010 3316 Deum
1059 3244 1158 3328 dent,
1175 3243 1206 3311 si
1221 3243 1291 3334 piis
1306 3255 1341 3314 et
1355 3244 1468 3316 doctis
1485 3249 1679 3320 concedant
1692 3251 1890 3324 libertatem
1904 3269 2050 3328 senten-

43 3345 226 3420 etdivinana
239 3347 452 3428 doctrinam⁴
491 3343 857 3423 Esortisuutalicubi
871 3341 1011 3432 etAna-
1059 3343 1130 3414 tiae
1143 3341 1337 3430 dicendae,
1373 3369 1522 3438 regnum
1549 3363 1584 3420 et
1606 3373 1691 3442 opes
1711 3353 1834 3424 venire
1864 3353 1904 3424 in
1924 3355 2051 3435 discri-

41 3442 207 3540 lsptistae,
246 3473 322 3518 non
361 3449 515 3526 multum
555 3448 743 3529 dissimiles
776 3441 1010 3531 Manichacis,
1059 3461 1155 3518 tuen.
1205 3439 1377 3518 Tentavit
1398 3447 1507 3540 igitur
1522 3445 1828 3546 Ιωμιιιοῄιίιι
1849 3455 1925 3528 vias
1945 3455 2051 3530 diesi.

41 3545 150 3620 sicubi
172 3564 205 3624 et
219 3549 386 3636 Sirenes,
409 3573 498 3644 quae
516 3549 658 3642 fingunt
678 3549 791 3620 bellas
804 3549 1011 3640 dogmatum
1060 3545 1119 3616 dia
1136 3545 1394 3638 componendi,
1417 3572 1488 3642 qua
1504 3549 1542 3620 in
1560 3575 1599 3622 re
1612 3549 1791 3626 laudanda
1812 3571 1864 3629 est
1877 3557 1953 3630 eius
1970 3583 2052 3630 mo-

42 3649 244 3744 eorruptelas.
297 3647 342 3722 ln
361 3645 418 3722 his
443 3651 549 3722 tantis
570 3651 674 3722 malis
699 3650 854 3740 cogitent
872 3649 923 3744 pii
940 3647 1012 3720 Le·
1060 3647 1216 3734 decutio,
1242 3661 1278 3720 et
1301 3647 1396 3746 quod
1420 3649 1538 3722 civilia
1558 3653 1654 3726 bella
1677 3651 1863 3746 probibet,
1894 3669 1930 3732 et
1954 3651 2057 3754 quod·

43 3763 150 3838 stores,
175 3751 291 3846 qualis
306 3753 353 3824 sit
364 3751 480 3844 imago
498 3775 600 3826 verae
612 3749 803 3838 Ecclesiae,
828 3773 917 3846 quae
929 3773 1009 3842 pas-
1059 3747 1334 3822 deliberationes
1365 3747 1589 3826 eruditorum
1621 3757 1665 3826 da
1695 3757 1857 3832 doctrina
1886 3760 2052 3857 instituit,

42 3851 94 3920 sim
107 3875 218 3944 sparse
232 3853 437 3924 circumfert
451 3849 705 3944 Evangetium3
731 3854 888 3946 agnoscit
902 3845 1010 3924 Chri·
1059 3873 1168 3944 quae,
1193 3851 1259 3925 etsi
1281 3849 1385 3924 initia
1406 3853 1566 3926 difficilia
1587 3869 1690 3943 sunt,
1714 3871 1833 3934 tamen
1846 3861 1983 3936 adimo
1996 3865 2068 3939 la==

43 3965 116 4024 tum
131 3955 239 4028 filium
255 3951 346 4038 Dei,
370 3967 407 4030 ct
425 3979 506 4028 vero
519 3951 638 4026 Deum
652 3955 805 4030 invocat.
834 3949 937 4024 Hanc
953 3954 1010 4024 di·
1059 3952 1159 4022 ciunt
1173 3953 1217 4022 ad
1234 3948 1518 4028 emendationem
1533 3949 1801 4039 Ecclesiamm..
1834 3955 1957 4060 ltaque
1971 3985 2053 4054 gra-

42 4049 173 4128 laserant
206 4051 292 4127 bine
335 4053 543 4138 Pontifices,
590 4053 779 4150 Episcopi,
827 4049 1009 4140 Monaclri,
1059 4047 1470 4146 tiamcipropter‘hanc
1495 4057 1775 4131 moderationem
1801 4061 1993 4151 dehemus,
2017 4081 2052 4138 et

42 4149 289 4249 duabaptislae,
303 4151 499 4249 Epicurei,
525 4155 626 4230 illinc
646 4155 776 4244 Turci,
806 4168 860 4242 et,
891 4167 932 4226 ιιι
954 4153 1008 4224 le·
1057 4149 1154 4226 Deus
1178 4156 1335 4228 orandus
1357 4169 1428 4239 est,
1460 4172 1500 4228 ut
1523 4158 1597 4228 eius
1623 4162 1841 4234 voluntatem
1865 4168 2049 4258 gubernet.

41 4259 148 4326 ronias
160 4261 226 4344 ait,
248 4259 420 4352 expandit
432 4257 521 4330 Sion
537 4279 775 4344 manussuas,
799 4257 1007 4350 neeestqui
1057 4253 1244 4334 Caeterum
1267 4255 1399 4350 quihus
1422 4257 1581 4330 comiliis
1599 4261 1781 4336 institutae
1801 4259 2070 4360 sintdisputa-'
2116 4345 2119 4352 λ

42 4359 230 4432 consoletur.
267 4357 320 4430 Ac
337 4384 418 4432 vere
434 4360 578 4432 talisest
594 4355 770 4430 Ecclesiae
784 4370 1008 4453 statuaque·
1057 4355 1173 4429 tiones
1193 4356 1490 4445 Radtlsoneoses,
1514 4361 1596 4454 quis
1610 4364 1656 4434 sit
1668 4377 1774 4436 autor
1786 4367 1872 4438 libri
1886 4371 1950 4462 qui
1964 4393 2049 4462 pro-

42 4455 96 4526 luo
107 4461 269 4532 describit
282 4456 423 4530 Esaias:
450 4457 526 4532 Nisi
536 4457 711 4534 Doruinus
725 4459 925 4555 reliquisset
941 4483 1008 4528 no-
1057 4459 1194 4552 positus
1216 4471 1288 4543 est,
1327 4473 1368 4532 ut
1391 4459 1484 4532 viam
1507 4475 1718 4538 monstraret
1741 4470 1786 4538 ad
1812 4471 2049 4558 concordiam,

42 4557 85 4630 his
107 4585 237 4644 manen,
272 4561 365 4636 sicut
391 4561 547 4635 Sodoma
580 4575 616 4634 et
639 4559 816 4634 Gomorra
843 4583 1007 4636 ememrts.
1057 4583 1122 4646 ego
1145 4581 1220 4630 non
1241 4561 1346 4654 plane
1362 4560 1452 4654 ,seim
1505 4561 1735 4638 Voluntatem
1756 4569 1862 4640 etiam
1884 4573 2048 4646 existimo

40 4657 115 4732 Cum
141 4665 251 4756 igitur
283 4677 479 4754 postremae
503 4663 675 4758 reliquiae
702 4685 806 4746 aerae
829 4655 1007 4734 Ecclesiae
1057 4661 1260 4754 sliqtsomm
1284 4684 1360 4732 uon
1383 4683 1463 4732 esso
1482 4664 1763 4758 vituperandam.
1819 4667 1868 4744 Et
1893 4669 1959 4744 hnc
1980 4699 2049 4746 no.

40 4773 96 4832 tam
108 4765 196 4838 varie
212 4777 481 4858 oppugnantur,
507 4778 687 4858 utcunque
709 4761 862 4853 intelligi
883 4775 1007 4854 potest,
1056 4762 1371 4840 minelaudandus
1393 4773 1444 4834 est
1462 4758 1778 4866 imperator'ipse,
1808 4775 1906 4870 quod
1929 4777 1977 4850 ita
2000 4775 2048 4850 li.
2165 4851 2175 4864 ι

41 4867 222 4936 condixerit
232 4861 415 4952 cinisem,
438 4867 594 4936 loturam
609 4865 867 4950 addictionem,
892 4865 1007 4958 qualis
1056 4863 1162 4936 brom
1184 4859 1364 4948 exhibuit,
1399 4879 1441 4936 ut
1466 4867 1607 4940 iusserit
1630 4871 1863 4946 collocutores
1893 4879 2048 4950 delectos

41 4965 382 5062 nullaunquaminit.
419 4963 596 5060 Equidem
615 4959 1007 5038 colrorrescototocor-
1056 4965 1257 5036 candideet
1277 4965 1388 5036 libere
1407 4967 1451 5036 de
1473 4967 1727 5058 siugulislocis
1749 4979 1943 5048 sententias
1964 5003 2046 5052 suas

39 5085 123 5152 pore,
146 5091 225 5138 ctam
243 5067 357 5158 cogito
378 5091 536 5138 eversam
548 5089 574 5138 ‘a
590 5065 687 5160 Rege
700 5065 921 5161 Babylonico
942 5091 1007 5138 ur·
1055 5067 1182 5138 dicere.
1233 5063 1352 5154 Quare
1375 5089 1441 5136 nos
1461 5069 1506 5140 de
1525 5071 1611 5140 locis
1625 5073 1762 5168 aliquot
1778 5076 2048 5168 disputavimus,

39 5163 103 5234 bem
125 5165 392 5264 lerosolymam,
422 5169 515 5240 cives
533 5169 663 5262 partim
685 5169 898 5254 trucidatos,
923 5189 1006 5260 par·
1053 5181 1095 5238 ut
1113 5191 1155 5238 ex
1176 5165 1336 5237 articulis
1359 5169 1492 5238 nostris
1521 5187 1557 5242 et
1580 5171 1678 5259 aliis,
1712 5199 1802 5270 quae
1828 5171 1888 5250 laic
1911 5182 2045 5256 adiecta

39 5265 281 5356 timabdoctos3
307 5271 706 5364 deindepostreditum,
732 5269 913 5341 saevitiam
926 5270 1004 5338 An·
1053 5281 1155 5350 sunt,
1177 5267 1330 5358 intelligi
1349 5271 1488 5362 poterit.
1524 5269 1694 5356 Necvero
1710 5277 1836 5364 ignom
1854 5275 1940 5352 haec
1956 5297 2047 5356 tem.

39 5365 133 5442 tiocli
151 5385 186 5442 et
204 5369 376 5458 floreos,
415 5387 593 5464 postremo
613 5373 722 5442 etiam
745 5369 1001 5461 Apostolorum
1052 5393 1156 5462 pora,
1188 5392 1270 5450 cum
1292 5383 1465 5461 vagantur
1486 5373 1525 5442 in
1548 5374 1842 5450 vicinia-Tuccici
1863 5385 2047 5474 exercitus,

37 5467 271 5568 stldsrtyrum
291 5495 488 5552 ammas
547 5473 625 5548 tiso
647 5475 846 5566 tragoediae
866 5495 1001 5560 omues,
1052 5471 1113 5566 qui
1136 5469 1351 5544 Germaniae
1384 5473 1581 5546 vastitatem
1608 5491 1644 5550 et
1676 5477 1824 5552 esitium
1851 5485 2048 5576 minantur,
