4834 6268
299 343 350 436 ts
859 295 1299 434 arrsroaauuu
1349 317 1590 437 matut
1642 355 1779 437 1541.
2284 365 2333 441 n

299 525 445 604 Eodem
460 523 520 602 die
533 552 559 600 o
579 522 743 627 prandio
760 519 858 600 lora
877 523 986 600 lertio
1004 523 1220 600 continuato
1241 533 1293 600 ost
1443 525 1631 620 Quantum
1648 535 1735 604 'vcro
1756 532 1882 606 attinet
1896 535 1942 640 ad
1954 535 2111 629 primum
2125 535 2335 626 articulum,

484 621 696 704 Colloculio
714 651 739 700 o
761 623 924 704 Doctum
949 625 993 700 E
999 625 1072 702 eci
1078 651 1111 702 o.
1344 629 1408 724 qui
1427 645 1481 702 est
1504 643 1602 702 extra
1622 635 1901 706 controversiam
1921 651 2101 732 receptus,
2130 639 2223 714 mire
2246 635 2336 712 mihi

401 779 556 858 illustris
564 777 730 870 Domine,
755 775 1067 852 Reverendissime
1082 791 1191 872 pater,
1216 803 1296 851 cae-
1343 731 1493 850 llhmit’
1517 734 1615 826 md
1632 731 1812 806 ΜΝ
1828 733 2036 810 C⁰¹l⁰ffl²⁰¹
2055 761 2193 812 ‘mm
2217 743 2337 814 ⁰⁰¹¹&-

300 877 1296 1080 pggqgrggfgg¹umm12raresco·
1344 831 2339 1032 talmulnnmttalannc

1344 1036 1402 1106 uis
1415 1033 1714 1112 videbatursacro
1731 1036 1916 1112 detrahere
1929 1043 2092 1120 concilio.
2130 1043 2181 1118 Et
2192 1039 2338 1118 Lullu-

403 1115 462 1192 Ad
498 1115 779 1190 continuandum
807 1137 866 1200 ea,
906 1137 997 1208 quae
1031 1111 1138 1188 hodic
1171 1137 1295 1188 sumus
1347 1160 1411 1206 ms
1433 1136 1474 1207 in
1496 1152 1615 1210 ,ancta
1637 1138 1784 1235 syuodo
1804 1139 1940 1218 Nice„
1959 1145 2121 1220 „damst
2140 1146 2264 1236 fidam,
2301 1165 2342 1222 ει.

301 1221 436 1308 exorsi,
471 1243 518 1290 ne
549 1219 658 1309 longo
691 1217 883 1288 verborum
917 1215 1070 1290 circuitu
1104 1239 1167 1290 vos
1192 1217 1297 1289 disti·
1344 1235 1581 1330 Evgngelium
1600 1241 1777 1318 degeam,

302 1350 406 1398 neam
414 1377 426 1412 ,
451 1345 559 1418 quam
581 1321 737 1416 primum
753 1341 897 1388 recurro
918 1319 964 1390 ad
983 1317 1121 1390 domiui
1138 1319 1297 1390 collocu-
1443 1371 1631 1461 Quantum
1651 1399 1737 1446 mo
1757 1377 1804 1448 'd
1824 1377 2029 1451 mimum,
2039 1328 2235 1456 mma
2256 1385 2341 1456 affl..

287 1427 614 1540 ,wfflmmmem'
731 1522 738 1536 ,
785 1552 793 1570 Ι
1016 1553 1026 1571 ·
1345 1484 1425 1553 oet,
1450 1473 1687 1566 placetzetiam
1699 1473 1786 1564 boc,
1805 1477 1931 1574 inqm
1946 1481 2220 1567 contorsiones,
2247 1499 2340 1556 mete

402 1553 454 1632 Et
469 1557 568 1652 quod
589 1553 706 1650 primo
730 1565 857 1625 attinet
883 1553 929 1624 ad
949 1563 1157 1626 vamtatem
1179 1573 1297 1628 esem·-
1345 1573 2010 1670 ffl011‚p0oe3mm01331m]000m
2029 1599 2165 1656 mem
2177 1583 2338 1678 pelagia.

301 1659 475 1758 plarium,
508 1681 590 1729 com
614 1656 717 1726 facile
740 1677 879 1750 possem
903 1655 1175 1773 responsionem
1197 1677 1297 1728 susm
1346 1697 1412 1746 nos
1427 1687 1463 1746 et
1477 1697 1602 1752 novos.
1654 1676 1762 1768 Quod
1778 1705 1863 1754 vero
1880 1680 1925 1753 1).
1939 1682 2113 1774 Magister
2127 1688 2336 1780 explicando

302 1763 516 1854 infringere,
548 1757 743 1830 ct·oculari
765 1756 984 1850 iuspecuooe
1012 1771 1228 1844 monstrare,
1255 1769 1298 1828 ut
1346 1775 1590 1856 definitionem
1604 1782 1739 1872 peccati
1760 1783 1963 1874 originalis,
1987 1787 2104 1860 voluit
2122 1789 2240 1883 ipsum
2263 1814 2337 1861 non

301 1889 379 1938 non
396 1863 512 1936 solum
526 1859 661 1944 verbis,
687 1859 748 1930 sed
764 1858 872 1930 rebus
885 1857 972 1950 ipsis
985 1858 1105 1930 oblata
1120 1858 1298 1952 exempla·
1345 1879 1454 1950 modo
1470 1901 1544 1950 ωε
1558 1881 1751 1964 menum
1763 1884 1921 1957 imfifi„
1932 1887 2130 1980 aiginam,
2154 1893 2214 1962 „g
2231 1891 2337 1964 ,qiam

301 1967 358 2040 ria
374 1989 395 2038 a
409 1961 628 2036 consentione
643 1955 852 2050 Augustana
865 1959 1069 2031 dissideant.
1120 1959 1211 2032 Nam
1227 1959 1298 2030 nisi
1347 1981 2274 2085 aliommdonomm‚,ut1112dinummvimnim,
2299 1995 2339 2064 5„

303 2067 535 2149 dissiderent,
558 2057 738 2154 Augustae
758 2085 835 2132 non
856 2061 979 2132 luisset
999 2061 1236 2134 laborandum
1250 2063 1299 2181 'in
1347 2077 1417 2153 hoc
1429 2095 1510 2173 pepo
1524 2087 1803 2160 mmmodjmm
1816 2091 2101 2182 expuitionem..
2133 2093 2225 2166 Nm
2241 2095 2338 2166 ium

304 2168 430 2255 vocula
458 2161 602 2244 Meritis
636 2187 743 2258 quum
772 2175 851 2236 ium
878 2162 1095 2236 reficiebanl·
1153 2161 1205 2236 Ul
1230 2187 1299 2282 ⁸¹2¹
1346 2198 1549 2258 sanctorum
1566 2182 1712 2262 Petrum
1735 2189 1928 2282 scripturas
1940 2189 2139 2266 &noricas
2160 2197 2268 2271 nobis
2278 2219 2340 2266 ex-

302 2269 464 2354 bfflilor,
486 2265 628 2338 lello
643 2288 700 2334 me
717 2265 762 2336 dd
777 2265 917 2336 futuros
936 2263 1106 2335 arficulo}
1118 2265 1300 2383 colloqull’
1347 2286 1559 2378 ponentium
1582 2287 1811 2376 sententiam,
1834 2291 1865 2362 gi
1883 2317 1973 2386 puer
1993 2297 2146 2370 domm,
2167 2313 2256 2370 Ml.
2276 2298 2342 2370 ffla

302 2371 368 2445 uhi
381 2369 443 2442 illa
456 2391 519 2461 per
533 2391 590 2438 me
613 2365 652 2436 in
664 2378 825 2460 apertum
842 2366 1079 2452 deducentur,
1103 2379 1144 2438 ut
1161 2389 1202 2436 m
1213 2380 1300 2440 aru-
1348 2386 1485 2460 tuguria
1500 2386 1685 2480 originali,
1709 2391 1849 2462 ,fimi
1869 2393 1950 2466 alii,
1966 2396 2071 2468 donis
2091 2412 2241 2486 emer,
2252 2400 2342 2470 ¹0121.

304 2473 385 2546 culo
404 2471 564 2554 decium,
588 2481 654 2542 etc·
1348 2511 1393 2582 pa
1413 2489 1597 2580 originalis
1617 2491 1652 2562 ei
1666 2493 1814 2566 minime
1834 2493 1975 2571 inesset.
2026 2496 2076 2572 Ut
2098 2499 2193 2572 inter
2209 2501 2344 2594 plnres,

409 2601 596 2686 secundo,
627 2597 807 2670 Dominus
835 2621 935 2669 mem
965 2599 1161 2672 collocutor
1180 2597 1301 2692 rapuit
1348 2590 1500 2661 maxime
1514 2606 1659 2676 veteres,
1683 2595 1752 2666 luit
1765 2609 2043 2682 controversum,
2067 2596 2241 2674 auAdam
2255 2627 2342 2695 pro-

304 2703 511 2788 verbulum,
536 2723 608 2796 quo
624 2700 782 2770 dixeram
797 2722 857 2770 eos
872 2724 891 2770 a
905 2700 1012 2772 nobis
1032 2701 1175 2787 exiisse,
1198 2700 1300 2796 quasi
1349 2691 1521 2784 toplastus
1539 2693 1579 2764 in
1595 2695 1707 2784 gratia
1722 2709 1861 2786 gratnm
1882 2699 2033 2774 iaciente
2053 2701 2162 2774 luerit
2182 2705 2342 2776 creatus?

305 2827 522 2880 ,mmm
543 2803 615 2874 gam
637 2801 684 2872 Α)
701 2801 806 2872 initio
827 2799 1300 2888 mdffiemmEccloeiae,
1347 2791 1403 2865 Dc
1419 2791 1519 2864 cuius
1533 2807 1652 2866 tamen
1670 2795 1804 2870 iustitia
1826 2799 1992 2894 originali
2014 2827 2090 2876 non
2110 2805 2180 2878 fuit
2198 2806 2343 2878 dubita-

305 2909 407 3005 quod
427 2905 536 2978 verba
562 2925 640 2976 mea
670 2925 746 2974 non
775 2903 1038 2994 significabant,
1071 2923 1151 2975 rum
1177 2905 1301 2976 multis
1349 2907 1437 2965 tum.
1495 2891 1539 2966 ln
1561 2889 1629 2970 hoc
1651 2911 1770 2970 tamen
1792 2903 1973 2990 consentio
1994 2901 2040 2980 D.
2066 2903 2258 2996 Magistro,
2294 2909 2343 2978 ob

304 3009 422 3082 modi,
442 3007 556 3081 „qm
570 3005 636 3076 ΜΕ
652 3005 762 3097 possit
783 3003 1019 3098 interpretari,
1065 3004 1179 3095 ,Quod
1200 3019 1242 3077 ut
1260 3005 1301 3075 in
1349 2991 1442 3066 hanc
1465 2993 1620 3070 iustitiae
1643 2999 1825 3094 originalis
1846 3005 2038 3076 carentiam
2055 3029 2206 3098 puerum
2219 3009 2344 3082 multis

304 3108 504 3205 praesentia
527 3129 603 3178 uon
623 3119 676 3177 est
696 3107 949 3192 uecesmrinm,
981 3107 1031 3178 ita
1054 3129 1121 3178 nee
1143 3131 1302 3178 commo.
1348 3097 1454 3190 bouis
1476 3112 1511 3170 et
1533 3112 1615 3170 ante
1636 3115 1671 3195 et
1691 3115 1773 3194 post
1792 3099 2017 3198 Baptismum
2040 3131 2170 3184 carere.
2232 3108 2341 3200 Quod

307 3215 415 3294 dum,
439 3233 522 3282 cum
539 3203 634 3280 nihil
654 3207 836 3278 ardentius
856 3207 1014 3300 cupiam,
1039 3231 1147 3303 quam
1168 3208 1302 3280 lucrari
1349 3199 1380 3268 si
1394 3198 1458 3269 illa
1471 3200 1580 3272 inerit
1594 3225 1696 3274 meus
1708 3207 1803 3290 eius,
1826 3219 1919 3278 recte
1935 3210 2202 3286 concordamus.

304 3314 449 3400 tunes,
474 3325 509 3382 et
529 3333 590 3380 eos
602 3305 734 3382 habere
750 3309 790 3380 iu
805 3309 943 3380 unitate
965 3309 1051 3380 fidei
1073 3323 1107 3380 et
1122 3306 1301 3381 Ecclesiae
1450 3331 1499 3408 Ep
1512 3339 1610 3434 quod
1623 3339 1717 3413 inm
1729 3345 2018 3438 respondendum
2033 3349 2145 3422 [mm
2161 3362 2213 3424 “t
2231 3350 2344 3442 odgi-

307 3412 587 3508 comparticipes.
637 3407 788 3504 Alioqui
801 3434 878 3480 non
892 3411 1026 3482 deesset
1041 3412 1137 3506 quod
1153 3435 1303 3505 respon-
1349 3437 1443 3509 mli,
1464 3453 1499 3511 et
1520 3441 1666 3514 actualis

306 3519 428 3589 decem
445 3535 551 3606 super
565 3511 688 3584 edictis
704 3511 990 3604 agloriosissimo
1005 3509 1221 3605 Imperatore
1233 3537 1302 3584 no·
1350 3541 1477 3634 plausu
1498 3543 1706 3636 recipimus,

307 3633 381 3690 stro
393 3615 647 3710 promulgatis,
673 3637 752 3684 cum
770 3613 847 3684 aliis
865 3611 1139 3704 magistratibus,
1163 3616 1208 3685 de
1221 3616 1302 3709 qui.

307 3723 376 3791 bus
391 3720 502 3801 lone,
527 3729 569 3788 ut
584 3709 676 3784 mihi
691 3715 826 3800 videor,
851 3713 1027 3786 minorem
1043 3715 1221 3809 querelam
1239 3719 1303 3786 de-

306 3823 397 3893 hent
416 3817 547 3900 iacere,
573 3841 681 3912 quam
702 3817 746 3885 de
763 3815 842 3886 aliis
856 3815 997 3906 regibus
1013 3809 1290 3890 Christianitatis
1354 3847 1362 3862 ·

1687 3446 1820 3538 peccati
1842 3445 2100 3540 differentiam,
2131 3438 2238 3524 etiam
2261 3477 2344 3524 curn

1734 3546 1818 3621 licet
1838 3547 1978 3620 iuvenis
1994 3548 2189 3630 videbatur¹
2205 3553 2346 3628 dissen-

1350 3643 1428 3716 tire.
1480 3639 1602 3738 ltaque
1616 3645 1763 3738 allegata
1778 3650 1822 3720 de
1836 3651 1941 3722 corde
1955 3674 2118 3744 perverso
2134 3654 2343 3752 recipimus;

1351 3745 1413 3814 sed
1427 3757 1513 3814 tunc
1527 3749 1753 3839 pervertitur,
1768 3752 1910 3846 quando
1923 3754 2206 3848 concupiscentia
2220 3773 2346 3850 regnat

1292 3873 1302 3906 ι
1352 3869 1392 3914 ιιι
1406 3869 1556 3938 corpore
1566 3861 1701 3932 nostro,
1727 3863 1761 3920 et
1776 3851 1809 3920 ei
1824 3851 2021 3930 obedimus.
2069 3851 2244 3954 Alioquin
2258 3883 2346 3952 pro-

1350 3947 1558 4040 pensionem
1581 3951 1693 4019 animi
1711 3953 1756 4024 ad
1778 3951 1870 4022 mala
1888 3955 2104 4048 experimur,
2130 3973 2165 4032 et
2182 3962 2347 4050 agnosci-

408 4046 458 4122 Et
471 4051 567 4145 quod
583 4049 753 4120 abusibus
766 4048 897 4121 nostris
909 4071 1050 4122 oausam
1065 4051 1216 4122 exeundi
1225 4051 1304 4122 vult
1351 4069 1448 4129 mus,
1479 4045 1557 4119 Deo
1572 4051 1712 4122 dicente
1726 4048 1842 4150 [Gen.
1857 4051 1935 4154 8.],
1966 4055 2099 4130 Sensus
2123 4074 2157 4132 et
2179 4059 2346 4154 cogitatio

309 4153 521 4232 adscribere,
545 4173 627 4222 mco
642 4175 753 4242 parvo
768 4151 1004 4242 ingenionou
1018 4152 1197 4238 mtisiacit,
1221 4177 1302 4224 cnm
1351 4145 1508 4220 hominis
1541 4151 1586 4227 ab
1622 4151 1856 4226 adolescentia
1882 4179 1995 4250 prona
2021 4173 2104 4230 sunt
2129 4164 2175 4231 ad
2197 4163 2349 4240 malum.

308 4257 349 4326 io
370 4253 498 4346 viginti
519 4266 555 4326 et
577 4275 651 4324 uno
670 4253 829 4324 articulis
851 4253 1051 4346 prioribus,
1074 4277 1165 4348 qnos
1179 4254 1304 4327 dicunt
1353 4250 1435 4341 Qua
1458 4253 1502 4320 de
1516 4276 1555 4322 re
1568 4251 1738 4334 fatemur,
1770 4255 1833 4326 illa
1847 4257 1961 4342 bona,
1994 4261 2038 4330 de
2055 4263 2185 4358 quibos
2201 4259 2246 4338 D.
2262 4263 2350 4334 Ma-

311 4379 385 4428 essc
406 4357 507 4442 fidei,
532 4377 552 4424 a
569 4355 674 4428 nohis
690 4353 890 4448 plerunque
903 4355 1124 4430 dissentiant.
1352 4353 1459 4443 gister
1473 4353 1592 4424 iutura
1606 4356 1715 4426 luisse
1728 4351 1953 4442 hominibus,
1987 4361 2017 4430 si
2033 4359 2071 4431 in
2086 4363 2219 4434 iustitia
2234 4365 2349 4456 origi-

413 4487 596 4558 gmmgam
618 4511 692 4557 „on
716 4499 856 4579 „pomp
884 4487 1038 4574 adferre,
1071 4487 1134 4581 quq
1155 4486 1303 4560 pamm
1352 4454 1428 4524 nali
1449 4455 1702 4546 perstitissent,
1734 4457 1866 4530 scilicet
1887 4459 2032 4548 notitia,
2067 4463 2256 4536 dilectione
2280 4479 2349 4542 etr.

311 4613 456 4662 suorum
489 4601 524 4658 et
552 4589 779 4660 revelationis
792 4587 943 4658 divinae
963 4590 1178 4682 sequebatur
1198 4591 1303 4664 iussa.
1353 4568 1388 4627 ‘l
1401 4555 1464 4626 ¹¹¹²
1480 4557 1656 4648 P¹⁰¹¹itale
1672 4559 1711 4628 5¹¹
1723 4561 1857 4630 ¹¹¹²¹¹¹¹¹¹
1875 4565 2117 4641 caruissemus·

310 4691 436 4786 ltaque
453 4687 650 4762 Dominum
667 4691 919 4762 collocutorem
936 4713 1065 4776 meum,
1091 4713 1156 4783 pro
1172 4694 1305 4764 caudo-
1452 4686 1548 4760 Illud
1573 4704 1691 4762 autem
1709 4695 1804 4786 quod
1826 4719 1892 4788 pro
1914 4713 2117 4796 remanente
2140 4700 2241 4792 culpa
2265 4717 2350 4792 post

311 4817 351 4864 re
373 4791 509 4884 ingenii
533 4791 606 4872 sui,
633 4805 668 4862 et
683 4813 806 4862 omnes
829 4803 1003 4888 quotquot
1018 4791 1148 4864 adestis
1171 4817 1305 4886 precor,
1353 4788 1576 4882 baptismum
1589 4793 1659 4866 luit
1676 4794 1846 4882 allatum,
1872 4799 1968 4892 qnod
1983 4819 2024 4868 ex
2047 4821 2089 4870 eo
2103 4800 2258 4890 dignitas
2274 4800 2354 4874 Ba·

312 4893 613 4990 quemadmodum
634 4889 741 4964 hodie
762 4894 807 4964 ab
827 4893 932 4965 initio
948 4905 1097 4966 testatus
1117 4917 1207 4966 sum.
1264 4891 1306 4967 Si
1354 4892 1476 4984 ptismi
1489 4893 1536 4964 sit
1549 4895 1770 4987 amplificata,
1794 4920 1868 4968 non
1883 4899 2060 4991 intelligo,
2085 4905 2167 4972 cnm
2181 4903 2355 4976 rideatur

312 5019 426 5068 unum
440 4995 497 5064 vel
513 4995 663 5064 alterum
678 4995 866 5066 verbulum
881 4995 1067 5084 exciderit,
1092 5019 1168 5065 non
1190 4995 1306 5068 velitis
1355 4989 1425 5064 hoc
1438 5017 1581 5086 vergere
1594 4999 1632 5064 in
1648 4997 1817 5068 iniuriam
1830 4995 2017 5092 Baptismi,
2039 5002 2111 5073 imo
2124 5003 2161 5072 in
2175 5003 2355 5076 iniuriam

312 5099 353 5170 in
376 5097 505 5168 malam
528 5110 684 5188 partem,
715 5099 779 5166 scd
805 5097 958 5188 benigne
980 5096 1227 5188 interpretari,
1260 5121 1307 5166 ne
1355 5088 1509 5181 Christi,
1532 5097 1596 5192 qui
1610 5111 1662 5168 est
1676 5111 1780 5170 autor
1794 5097 1987 5194 Baptismi,
2008 5104 2127 5174 sinon
2143 5119 2233 5177 esset
2249 5107 2354 5178 sulii-

313 5223 468 5292 semper,
494 5198 590 5292 qnod
608 5198 696 5268 vitio
712 5199 790 5268 dari
812 5199 918 5284 solet,
945 5213 1042 5270 extra
1064 5192 1214 5270 chorum
1237 5199 1308 5270 sal·
1356 5197 1452 5268 ciens
1467 5197 1512 5268 ad
1536 5199 1722 5270 delendam
1739 5225 1881 5272 ornnem
1899 5205 2039 5296 colpam
2059 5207 2204 5297 peccati.
2255 5206 2356 5280 Cum

312 5315 445 5385 temus,
477 5315 512 5370 et
527 5299 678 5370 circuitu
693 5301 885 5372 verborum
901 5301 946 5370 ad
963 5299 1218 5372 confessionem
1233 5323 1308 5372 non
1357 5313 1480 5372 contra
1493 5297 1626 5371 Paulus
1646 5303 1692 5372 ad
1707 5299 1831 5374 Titum
1847 5317 1920 5376 tam
1937 5304 2066 5378 diserte
2083 5309 2189 5379 uobis
2204 5305 2358 5404 Brptis-

313 5401 570 5494 pcrtineotiuur
588 5401 870 5474 excellentissimi
895 5396 1004 5474 huius
1025 5423 1208 5476 comesam
1229 5401 1308 5474 ani·
1357 5401 1409 5470 mi
1433 5401 1674 5474 excedentium
1698 5407 1937 5492 commendet,
1966 5407 2107 5506 diceus:
2140 5409 2357 5483 Secundum

313 5527 390 5574 mos
406 5503 548 5576 fasddio
561 5526 842 5596 penoovearous.
1357 5501 1637 5576 mberirordimn
1652 5525 1752 5575 suam
1768 5507 1884 5578 salvos
1895 5529 1963 5582 nos
1974 5509 2068 5596 feeit,
2089 5530 2155 5604 per
2166 5512 2357 5586 lavacrum

309 3921 373 4016 qui
388 3917 582 3992 ferventius
598 3917 733 3990 executi
747 3929 831 3988 suot
845 3919 1011 3988 mandata
1026 3929 1147 3988 contra
1163 3917 1256 3994 illos.
