4856 6266
295 349 347 430 ss
864 315 1303 428 oetsrooasuu
1352 345 1592 426 stomun
1647 347 1775 426 rats.
1953 353 1963 366 ·
2053 431 2064 440 ,
2176 381 2181 388 ·
2281 353 2325 428 ae

332 541 337 554 ·
401 523 519 598 Finita
542 513 612 598 has
631 523 791 600 dratinus
811 547 857 594 cr
870 523 1037 596 mandato
1057 519 1314 596 illustris‘Dos'
1344 521 1578 613 setsprimos
1600 535 1735 609 motus,
1762 517 1866 594 sihis‘
1881 547 1956 592 oon
1972 524 2229 608 coooentiatrir,
2262 552 2328 598 non

301 627 393 699 mini
408 625 650 700 Commissurii
668 623 859 699 Caesareas
874 623 1090 710 Maiestatis,
1123 639 1158 698 et
1178 626 1293 696 domi·
1346 619 1479 696 habere
1497 625 1637 717 culpam
1659 625 1830 702 criminis.
1884 621 1964 696 uso
1986 649 2062 696 non
2082 627 2273 698 existimem
2289 627 2328 700 D.

301 753 433 800 norum
446 727 730 802 praesidentium
750 729 902 820 petitum
917 739 992 813 cst,
1020 743 1063 800 nt
1076 726 1212 800 Ductor
1222 723 1297 798 Es·
1346 726 1612 813 collocutorem,
1633 751 1699 820 pro
1712 751 1776 798 sua
1791 728 2051 813 montione,
2072 729 2256 802 uniuersos
2266 726 2329 805 ho-

227 905 229 908 ,
303 833 396 916 cius,
421 843 593 926 quantum
608 830 776 924 possibile
795 843 900 914 esset,
921 825 1146 901 conueheret
1161 851 1297 900 sermo-
1347 829 1546 899 miucstam
1560 829 2123 920 mvtveuunnmuunines'
2141 844 2256 902 tanao
2278 835 2329 903 in-

302 957 385 1017 nes,
419 947 465 1009 et·
478 933 610 1006 diceret
634 955 692 1018 ea,
725 955 815 1030 quae
832 933 1010 1024 pertinere
1027 931 1236 1004 viderentur
1250 933 1295 1000 ad
1346 929 1524 1002 dominres
1537 927 1778 1003 Ecclesim
1798 932 2075 1024 pmcdicatorss,
2095 933 2212 1004 orme
2230 935 2329 1006 iutel-

302 1035 637 1126 ipsumnegotium,
661 1033 800 1105 omissis
817 1033 907 1108 aliis.
957 1029 1067 1108 Esus
1089 1035 1127 1104 in
1151 1033 1296 1108 caeteris
1346 1029 2076 1126 ligenteshuiusmsdiconoupiscsutian,
2103 1035 2253 1127 ospitale
2272 1039 2329 1106 ad-

302 1139 396 1208 idem
415 1137 514 1232 lieret
532 1150 596 1212 etc.
691 1125 698 1138 ’
1346 1149 1556 1206 strumessc
1576 1149 1759 1228 peecatum
1781 1151 1815 1208 et
1835 1131 2075 1222 horrendum,
2109 1131 2330 1232 hominesque

1346 1237 1597 1328 constringunt
1621 1237 1659 1308 iu
1690 1237 1896 1310 inevitabile
1922 1252 2123 1330 peccatum
2163 1239 2248 1310 dum
2275 1255 2329 1310 aut

1346 1339 1421 1424 vir,
1453 1353 1637 1425 matrona,
1662 1354 1725 1410 aut
1746 1336 1896 1412 honeste
1909 1341 2011 1431 virgo
2030 1335 2234 1412 haimui
2251 1366 2328 1412 cou-

1346 1442 1438 1512 natis
1449 1443 1792 1517 motlbustitillatur.
1818 1441 2191 1528 Namsiconscnscrit,
2204 1444 2328 1514 actuale

1346 1557 1528 1635 peccamen
1547 1545 1751 1637 perficitor.¹
1799 1543 1842 1616 ut
1861 1567 1937 1615 non
1960 1545 2196 1632 consenserit,
2223 1539 2329 1614 adhm

404 1659 575 1740 illustris,
608 1659 909 1743 reverendissimi,
944 1658 1168 1730 ornatissima
1194 1680 1297 1748 praa-
1346 1669 1411 1735 per
1434 1647 1753 1738 concupiscentiam
1777 1661 2019 1718 amonentem
2044 1647 2231 1720 adlirroant
2256 1670 2328 1738 peo-

301 1763 599 1835 stautissimo'rom
613 1761 774 1836 virorum
792 1785 934 1835 corona.
1346 1771 1447 1834 care,
1471 1750 1569 1842 quod
1587 1775 1607 1820 a
1623 1747 1791 1820 Patribus
1804 1772 1942 1842 semper
1956 1749 2028 1820 mit
2041 1749 2209 1835 vitatam,
2237 1750 2327 1818 nain

404 1875 463 1950 Ad
492 1903 531 1948 ea
558 1901 648 1971 quae
679 1881 904 1948 venerandus
926 1875 971 1948 D.
992 1875 1164 1968 Magister
1188 1871 1295 1946 bodie
1345 1849 1421 1940 ¹⁸8⁰
1442 1845 1578 1922 C¹¹¹¹⁵¹¹
1600 1852 1851 1944 P⁰¹¹³⁰¹¹⁸⁸¹¹¹¹³
1876 1875 2089 1946 ‘immin‘
2117 1873 2201 1922 ‘³³¹¹
2231 1845 2327 1922 ¹¹⁰¹¹¹⁰

301 1979 511 2076 proposuit,
537 1979 603 2050 etsi
623 1979 728 2071 plura
748 1980 866 2050 forent
885 1979 1055 2066 dicenda,
1086 2005 1152 2074 pro
1173 1980 1295 2049 ardui·
1345 1951 1404 2024 ¹¹³¹
1425 1953 1623 2044 P²¹f¹¹²¹ffi
1665 1952 1735 2072 ,Ui
1765 1954 1872 2071 eiitlss
1897 1952 2051 2071 Gtt'sson·
2067 1953 2217 2026 illustris
2242 1953 2327 2044 opud

300 2098 372 2158 tate
400 2081 553 2174 negotii,
592 2105 648 2150 me
678 2093 797 2156 tamen
827 2084 989 2176 tempori·
1008 2081 1294 2175 accommodabo.
1346 2049 1637 2146 ⁰⁰⁸T¹¹⁰⁰¹⁰8¹¹⁵2
1664 2080 1702 2124 ¹¹¹
1718 2054 1932 2140 ¹¹¹⁰¹¹¹¹¹¹¹¹¹⁵2
1955 2069 1988 2129 ‘¹¹
2005 2055 2091 2166 ³¹¹⁸&
2108 2057 2328 2150 Saepe-¹¹⁰⁰&

301 2185 487 2276 Quantum
502 2185 597 2259 enim
614 2183 658 2254 ad
673 2183 971 2281 exemplariorum
986 2184 1219 2255 mutationem
1241 2195 1295 2252 at·
1446 2185 1546 2276 Quin
1566 2208 1638 2259 uno
1659 2209 1700 2258 er
1721 2183 1790 2260 hac
1811 2189 1928 2288 radice
1949 2211 1991 2258 eo
2017 2183 2257 2268 devehuntur,
2294 2201 2328 2256 ut

298 2289 406 2374 tinet,
430 2287 544 2357 sciens
561 2283 631 2356 iarn
645 2299 839 2378 praetereo.
1345 2290 1585 2362 innocontiam
1610 2289 1808 2362 infantilem
1833 2292 1936 2362 etiarn
1955 2303 2114 2360 renatam
2131 2291 2328 2383 capitalibus

400 2403 509 2494 Quod
531 2427 614 2474 vero
638 2405 750 2475 edicta
765 2403 972 2498 Principum
995 2406 1154 2498 respicit,
1188 2417 1223 2478 et
1236 2399 1295 2474 ar·
1344 2407 1495 2462 onerent
1518 2394 1686 2485 peccatis,
1725 2395 1811 2464 uum
1833 2395 1928 2464 fame
1951 2415 2069 2485 pressa
2091 2393 2211 2466 doum
2238 2391 2328 2484 petit

300 2509 453 2580 bitrotur
467 2503 645 2581 Dominus
661 2530 761 2578 meus
778 2531 834 2578 me
856 2531 931 2578 non
954 2507 1103 2600 probare
1124 2508 1294 2600 asperita-
1344 2509 1405 2567 ³¹¹1
1420 2497 1474 2566 loo
1491 2509 1715 2575 molernum,
1740 2509 1803 2566 oot
1818 2496 1930 2585 frigus
1943 2494 2122 2584 refugient
2137 2495 2264 2588 expetit
2278 2513 2329 2563 ea-

300 2626 371 2682 tem
394 2609 510 2682 illam:
550 2610 705 2700 profecto
727 2631 853 2700 magna
877 2623 967 2680 esset
983 2605 1084 2680 Eccii
1105 2611 1293 2696 temeritas,
1344 2597 1418 2668 lore
1434 2598 1632 2690 temporari.
1685 2595 1780 2667 Haeo
1797 2600 1841 2666 tio
1855 2595 2005 2666 Domini
2020 2597 2245 2668 collocutoris
2263 2594 2326 2666 mei

300 2713 329 2782 si
342 2707 482 2804 Regum
498 2721 532 2782 ct
545 2706 755 2802 Principum
769 2713 858 2782 facta
876 2725 1007 2782 temere
1023 2713 1204 2784 iudicaret.
1343 2699 1572 2810 praefatione.

402 2827 444 2900 id
465 2843 583 2900 autem
609 2831 705 2924 quod
729 2830 822 2902 iuter
842 2831 1073 2922 praefandum
1090 2829 1293 2916 immiscuit,
1443 2829 1647 2930 Antequam
1664 2852 1749 2901 vero
1770 2853 1846 2902 rem
1865 2831 1979 2924 ipsam
1996 2831 2256 2922 aggrediamur,
2279 2825 2327 2898 vi-

298 2929 352 3002 De
378 2929 535 3002 motibus
558 2932 703 3012 mentis,
737 2945 771 3004 et
792 2947 933 3023 peccato
955 2931 1186 3019 Sanctorum,
1212 2957 1292 3004 curn
1343 2935 1429 3004 deor
1445 2933 1576 3004 iustum
1593 2955 1747 3004 servasse
1761 2933 1935 3019 ordinem,
1951 2934 2059 3027 (prod,
2073 2957 2155 3004 cum
2171 2928 2248 3002 heri
2261 2931 2327 3002 col·
2403 3021 2404 3026 ἵ

298 3032 486 3120 dubitant,
518 3055 592 3102 non
615 3033 700 3104 satis
723 3034 848 3106 timere
871 3034 926 3104 vel
947 3036 1071 3106 ardere
1092 3033 1293 3106 dilectione.
1342 3033 1506 3130 loquium
1529 3059 1648 3106 meum
1670 3037 1904 3106 conclusurus
1929 3059 2011 3106 eum
2034 3037 2249 3126 rogitabant,
2292 3045 2327 3103 ut
2403 3029 2404 3105 f

298 3131 375 3204 Etsi
394 3131 462 3205 hoc
477 3137 522 3204 ad
537 3135 647 3205 alium
663 3136 837 3230 pertineat
851 3130 1053 3206 Articulum
1070 3151 1151 3208 aute
1166 3139 1294 3228 viginti
1343 3163 1425 3210 cum
1447 3137 1617 3213 fratribus
1639 3139 1712 3208 suis
1726 3131 1966 3208 Christianam
1988 3138 2175 3208 uobiscum
2190 3159 2327 3210 concor-

299 3259 411 3306 annos
431 3237 576 3328 Lipsiae
597 3258 663 3328 per
685 3261 742 3306 me
767 3238 1004 3330 disputatum,
1036 3239 1204 3309 adversus
1218 3238 1293 3309 Lu·
1344 3241 1437 3310 diam
1452 3241 1576 3324 iniret,
1610 3241 1808 3310 monstravi
1831 3240 1914 3324 iter,
1943 3262 2008 3332 per
2024 3243 2121 3334 quod
2136 3239 2250 3310 facilis
2268 3263 2326 3306 no-

298 3334 441 3410 therum
468 3351 503 3408 et
522 3336 831 3424 Caroiostadium,
862 3363 943 3410 cum
967 3353 1167 3434 opportune
1194 3345 1293 3412 locus
1342 3343 1399 3413 bis
1413 3343 1603 3427 transitus,
1630 3343 1668 3412 in
1686 3339 1822 3412 delectu
1842 3337 2068 3431 Augustano,
2094 3342 2196 3438 quasi
2213 3343 2249 3410 in
2264 3341 2326 3408 fine

297 3441 360 3510 ille
383 3442 609 3524 tractabitur,
648 3439 725 3514 Deo
751 3443 875 3528 dante,
915 3467 989 3512 non
1012 3445 1163 3514 deerunt
1185 3441 1292 3514 Eccio
1342 3468 1438 3514 meas
1454 3464 1574 3536 preces
1590 3443 1725 3528 reiecit,
1755 3467 1796 3512 oo
1819 3445 1913 3538 quod
1937 3443 2158 3538 quotidianis
2175 3443 2328 3534 precibus
2402 3515 2403 3528 ,

298 3565 414 3613 sacrae
440 3535 662 3635 Scripturas,
693 3541 839 3616 Patrnm
866 3544 1087 3629 autoritates,
1130 3542 1293 3616 adhaec
1342 3543 1418 3617 Deo
1434 3545 1621 3639 supplicet:
1648 3540 1797 3616 Dimitte
1813 3547 1917 3616 nobis
1934 3545 2051 3615 debita
2069 3559 2202 3620 nostra.
2335 3557 2339 3570 '
2402 3547 2403 3552 ’

297 3645 457 3714 ”fimes
469 3643 634 3718 inficiae·
1238 3659 1242 3668 ’
1441 3659 1575 3734 Verum
1591 3661 1620 3732 si
1634 3663 1815 3737 maluisset
1829 3661 1929 3756 sequi
1944 3659 2205 3752 Augustinum,
2230 3685 2325 3754 quem

394 3761 444 3833 At
468 3765 552 3864 quia
575 3761 621 3835 D.
645 3762 815 3854 Magister
843 3779 922 3855 post
950 3767 1092 3856 longain
1120 3769 1292 3840 orationis
1343 3765 1448 3836 iactat
1465 3789 1547 3838 suae
1561 3763 1671 3858 partis
1686 3788 1776 3849 csse,
1804 3789 1880 3834 uon
1899 3765 2024 3834 fuisset
2046 3779 2252 3856 aspernatus
2267 3758 2326 3831 ilu-

298 3857 537 3949 cadumin·
560 3867 707 3936 eandem
730 3867 912 3939 descendit
934 3867 1138 3954 materiam,
1174 3886 1292 3943 motus
1342 3867 1445 3939 miles
1465 3889 1585 3960 preces
1608 3891 1720 3954 meas,
1755 3892 1796 3936 ex
1817 3865 1960 3938 caritate
1985 3879 2020 3935 ct
2043 3889 2327 3964 amorcconcor·
2401 3933 2402 3950 ,

298 3967 392 4052 illos,
412 3992 501 4060 quos
515 3968 631 4038 solent
644 3963 819 4064 Theologi
833 3969 967 4059 primos
980 3972 1171 4063 appellare,
1194 3972 1293 4044 Con·
1342 3969 1421 4040 diac
1440 3971 1666 4062 prodeuntes.
1727 3963 1819 4036 Nam
1846 3967 1949 4038 divus
1971 3965 2078 4067 Pater
2099 3964 2193 4038 libro
2218 3963 2325 4062 primo
2401 3969 2402 3998 ¹

298 4068 442 4140 stitncre
456 4064 642 4147 bominem
655 4069 696 4138 in
714 4069 901 4142 inimicitia
914 4067 1000 4152 Dei,
1034 4077 1130 4166 quod
1148 4099 1189 4146 er
1205 4076 1291 4145 alle-
1342 4085 1464 4142 contra
1479 4071 1566 4142 duas
1580 4067 1853 4162 Pelagianorum
1870 4065 2048 4170 Epistulas
2061 4069 2230 4154 affirmat,
2260 4065 2326 4137 Nos

298 4167 567 4264 gatoApostoli
591 4171 672 4242 loco
697 4173 741 4254 de
767 4174 956 4263 prudentia
985 4175 1100 4248 carnis
1128 4177 1292 4267 cupiebat
1341 4174 1545 4244 uoudiccre
1562 4159 1707 4266 propter
1728 4169 2064 4269 concupiscentiam:
2095 4167 2244 4240 Dimitte
2266 4194 2327 4237 nn·

297 4273 496 4350 adstruere.
520 4324 525 4337 .
541 4269 635 4344 Cum
650 4286 768 4344 tamen
784 4274 889 4364 louge
903 4275 1002 4346 aliud
1016 4277 1084 4361 sit,
1108 4279 1213 4350 etiarn
1228 4303 1291 4350 sua
1341 4272 1396 4348 bis
1411 4275 1528 4346 debita
1544 4288 1685 4358 nostra,
1716 4266 1883 4344 sedillnd
1900 4275 1997 4368 quod
2012 4274 2190 4368 sequitur,
2220 4269 2267 4342 Et
2286 4292 2326 4340 nc

298 4375 600 4468 interpretatione,
616 4373 806 4465 prudentia
820 4377 945 4463 camis,
960 4369 1167 4469 phennena,
1183 4405 1290 4476 qnam
1341 4402 1406 4448 nos
1423 4377 1553 4448 inferas
1566 4377 1605 4446 in
1623 4375 1847 4448 tentationes.

297 4475 599 4570 c⁰¹¹⁰⁰P¹⁵⁰⁰¹¹¹¹2s
625 4477 736 4547 f⁰¹¹¹0⁸
754 4491 788 4550 θῑ
801 4479 948 4550 ffl⁰rb¹¹⁵
961 4479 1035 4556 ille·
1437 4493 1529 4565 Cum
1547 4507 1663 4566 autern
1679 4518 1753 4562 non
1768 4517 1825 4562 mc
1841 4493 1953 4582 fugiat
1967 4506 2098 4564 vestras
2112 4491 2326 4572 excellentias

398 4589 448 4667 At
464 4593 626 4664 omnium
640 4607 796 4664 vestrum
809 4597 1050 4686 praesentium
1064 4600 1290 4690 prudentiam
1342 4611 1375 4670 et
1395 4597 1657 4668 dominationes
1679 4607 1855 4688 expetere,
1889 4607 1930 4664 ut
1950 4594 2016 4663 sim
2039 4593 2200 4680 brevior,
2241 4593 2325 4662 votis

296 4711 426 4781 testor,
453 4693 544 4788 Quis
558 4695 790 4768 arbitrabitur
805 4721 847 4766 ex
869 4697 941 4772 illis
963 4699 1048 4790 ipsis
1070 4701 1195 4794 primis
1213 4727 1291 4770 mo-
1341 4701 1465 4770 vestris
1482 4699 1631 4770 studebo
1647 4697 1806 4790 obsequi.
1858 4691 2065 4780 Itatamen,
2093 4709 2135 4768 ut
2156 4692 2247 4766 nihil
2270 4697 2325 4762 dc·
2399 4751 2400 4762 ,

297 4799 414 4886 tibus,
453 4813 524 4870 tam
554 4812 653 4868 atrox
679 4799 811 4870 crimen
837 4801 1025 4897 committi.
1082 4801 1173 4888 Cum
1195 4804 1289 4872 enim
1341 4817 1459 4895 pereat
1492 4801 1631 4870 veritati
1663 4797 1913 4888 Evangelicae,
1952 4799 2047 4890 quod
2082 4811 2124 4866 ut
2159 4811 2323 4892 praestem
2399 4787 2400 4832 ¹

297 4923 402 4972 nemo
426 4895 497 4970 illis
519 4913 652 4982 careat,
695 4911 729 4970 et
750 4892 894 4995 prorsus
922 4900 1026 4974 nobis
1054 4903 1178 4976 invitis
1205 4905 1289 4975 sub·
1341 4903 1579 4986 commodius,
1616 4916 1738 4972 omnes
1769 4893 1977 4992 suppliciter
2010 4904 2152 4992 precor,
2181 4897 2323 4968 memori

298 5003 478 5087 oriantur,
505 4999 553 5074 sit
573 5023 653 5092 crgo
668 5001 724 5070 vir
743 5003 876 5088 honus,
900 5001 1044 5098 quibis
1067 5006 1222 5077 motibus
1245 5004 1289 5076 ad
1341 5019 1456 5075 mente
1470 5019 1624 5090 teneant,
1648 4997 1737 5098 quiae
1751 5003 1789 5072 in
1802 5005 1929 5072 fascem
1945 4997 2015 5070 iam
2030 4999 2163 5090 redigo.
2197 4995 2324 5072 Omnia

296 5105 497 5188 avaritiam,
527 5103 761 5188 adulterium,
795 5103 1006 5190 vindictam,
1047 5122 1107 5178 aut
1129 5107 1195 5177 alia
1222 5108 1290 5176 cri·
1340 5107 1435 5178 enim
1461 5105 1627 5199 quaevel
1652 5126 1692 5174 ex
1713 5101 1905 5196 'Apostolo,
1940 5099 2159 5193 Augustino,
2195 5113 2229 5172 ct
2252 5100 2325 5170 aliis
2398 5153 2399 5162 ,

296 5207 392 5276 mina
412 5205 655 5297 extimulatur,
690 5203 750 5300 qui
768 5195 1050 5280 lamentationis
1074 5211 1181 5280 ‹lructu
1206 5206 1290 5280 huic
1339 5223 1423 5278 stunt
1445 5209 1568 5292 allata,
1602 5207 1851 5294 intelliguntur
1868 5229 1951 5274 vere
1973 5231 1992 5274 a
2015 5203 2144 5275 sanctis
2164 5203 2325 5274 Patribus
2398 5215 2399 5304 l

296 5307 485 5380 tentationi
501 5305 654 5379 viriliter
675 5307 807 5377 arixilio
822 5305 889 5377 Dei
912 5309 1068 5394 resistat,
1102 5337 1147 5380 ne
1167 5326 1289 5401 regnet
1339 5309 1569 5382 conformiter
1596 5313 1640 5380 de
1665 5308 1947 5399 coucupiscentia
1972 5309 2030 5378 vel
2059 5307 2171 5399 ipsius
2196 5303 2325 5383 fomite,

297 5425 331 5481 et
342 5411 487 5484 obediat
497 5407 947 5500 concupiscentiisifloruro
959 5426 1132 5486 motuum.
1163 5411 1293 5502 Quan-
1338 5413 1395 5482 vel
1410 5412 1513 5482 malis
1530 5410 1883 5494 ciusalfectionibus,
1916 5410 2157 5482 crescentibus
2178 5431 2244 5478 nos
2267 5423 2325 5495 pcr

295 5527 331 5584 to
355 5511 485 5584 rectius
505 5511 551 5582 ad
573 5524 776 5582 sanctorum
795 5525 936 5604 patrum
951 5515 1164 5586 sententiam
1179 5516 1289 5586 dixis-
1337 5528 1448 5590 totam
1478 5509 1571 5586 hanc
1600 5514 1729 5593 vitam,
1767 5525 1808 5582 ut
1837 5531 1911 5583 non
1938 5512 2069 5585 mooun
2098 5511 2231 5582 diosret
2253 5506 2324 5588 lob.

303 1401 446 1478 Eodem
465 1399 541 1489 dia,
571 1369 672 1478 'lora
688 1401 848 1578 sscuEnda
863 1402 1124 1504 pomeridiana
1141 1399 1195 1478 D.
1210 1401 1296 1475 Do·

659 1517 736 1580 clar
803 1507 940 1581 scius.
