4786 6264
309 348 380 431 111
873 329 1309 436 ‚ttetsrouattuu
1357 319 1468 411 mu.
1495 333 1596 411 vul.
1649 334 1781 416 1541.
2263 349 2319 424 us

308 511 461 614 qnod')‚
494 523 592 586 tanta
614 505 833 582 beatitudine
853 507 1034 600 proposita
1047 521 1082 581 et
1097 507 1228 606 atibus
1243 529 1303 576 so·
1352 507 1451 606 domi
1466 529 1632 580 measres
1647 531 1769 600 agere,
1794 508 2321 606 innumerosorum
2373 501 2374 512 ³

309 605 948 705 mitiis-invitihincdeeedimud).
986 605 1064 700 Ego
1080 633 1126 680 ne
1137 601 1302 702 malim⁹)
1352 610 1459 684 etiam
1472 609 1554 680 aliis
1568 611 1895 701 profuturumesse.
1946 613 2019 689 Sed
2037 639 2163 691 vereor
2180 641 2226 694 ue
2247 619 2322 692 invi-

310 718 371 794 bic
387 721 481 791 inter
498 731 668 812 tyrannas
682 725 717 782 et
733 707 907 804 sophistas
921 711 1059 798 vicere,
1084 735 1191 806 quarn
1207 711 1301 802 apud
1352 724 1409 782 tus
1420 711 1583 805 ‚abripiat
1598 713 1644 785 ad
1658 713 1739 785 illas
1760 714 2026 788 molestissimas
2045 730 2081 788 et
2100 719 2322 808 nugacissimas

310 825 393 896 illos
407 843 489 892 vere
504 813 665 890 heroicos
682 814 798 899 viros,
823 807 1026 898 Abraham,
1042 811 1244 896 -Davidem,
1269 823 1304 880 et
1353 805 1550 908 διατριβάς
1571 829 1830 902 conventuum,
1873 817 1913 886 in
1933 841 2005 909 quo
2029 813 2124 888 nibil
2147 819 2215 890 nisi
2235 822 2323 894 iactu·

183 969 187 976 ·
310 944 392 998 vere
415 911 667 1018 philosophos,
705 939 779 984 non
801 905 993 1008 sophistas,
1033 917 1128 1008 apud
1151 911 1304 996 Esaiam,
1353 940 1431 984 ram
1459 914 1675 1006 optimarum
1702 911 1875 988 buranam
1903 919 2062 996 luimus.
2122 917 2235 992 Erant
2254 919 2323 996 mihi

310 1017 482 1108 Paulum,
508 1019 709 1102 leremiam,
733 1011 1166 1110 Davidcm¹⁰)etsimiles.
1205 1013 1303 1086 Haec
1356 1011 1797 1113 pertexendaeposlillue,
1830 1022 1926 1113 quod
1949 1023 2055 1092 etiam
2071 1023 2324 1116 conviciollapi-
2373 1075 2374 1078 ,

311 1131 342 1200 si
356 1123 525 1218 cogitabis
539 1120 753 1192 levationem
767 1119 922 1212 aliquam
936 1115 1118 1214 doloria,¹¹)
1131 1118 1303 1188 adierant.
1355 1131 1432 1188 tant
1453 1118 1688 1210 bibliopolae3
1730 1121 1792 1190 sed
1819 1119 1889 1190 iam
1920 1145 2029 1216 prope
2061 1125 2242 1197 biennium
2270 1125 2323 1199 um

250 1245 255 1262 ·
310 1231 390 1306 Hoc
405 1243 562 1322 tempore
584 1219 686 1318 plur'a
712 1219 864 1290 scribere
885 1243 959 1288 non
982 1222 1100 1312 potui,
1132 1222 1193 1292 sed
1217 1217 1305 1290 scri-
1355 1231 1518 1311 coeptum
1541 1243 1631 1312 opus
1653 1220 1937 1314 interrumpitur.
1989 1227 2174 1311 Accedunt
2195 1251 2324 1319 naupa-

311 1335 393 1404 bam
416 1327 514 1402 brevi
539 1321 725 1416 copiosius.
783 1321 843 1392 Tu
866 1321 942 1392 vale
954 1315 1007 1416 ¹²).
1070 1317 1167 1398 Deus
1192 1333 1304 1390 aeter·
1356 1345 1436 1392 rum
1458 1322 1568 1392 multa
1586 1321 1810 1394 incommoda
1827 1327 2018 1398 domestica
2035 1341 2069 1399 et
2085 1328 2137 1398 rei
2153 1329 2325 1412 familiaris,

312 1457 380 1506 nus
395 1429 432 1528 ¹³)
460 1443 558 1524 pater
579 1423 718 1498 domini
748 1439 782 1494 et
809 1423 1008 1496 liberatoris
1024 1419 1065 1520 ¹⁴)
1088 1421 1202 1498 nostri
1224 1418 1304 1490 lesu
1357 1446 1446 1516 quae
1481 1424 1572 1493 male
1604 1438 1750 1498 curatur
1783 1427 1961 1519 perpetuis
1995 1429 2325 1520 peregrinationibus

311 1529 465 1618 Christi,
499 1521 785 1624 qui'consolatur
799 1525 947 1596 afflictos
962 1542 997 1600 et
1011 1539 1112 1598 sanat
1126 1524 1306 1605 contritos,
1358 1521 1499 1618 ltaque,
1530 1525 1562 1594 si
1596 1525 1682 1618 quid
1715 1539 1859 1618 potero,
1892 1529 2052 1615 annitar,
2092 1546 2133 1608 ut
2163 1531 2324 1622 impetrem

310 1653 346 1712 te
374 1656 517 1734 quoque
545 1629 761 1701 consoletur.
820 1624 909 1697 Vale
926 1621 977 1724 ¹⁸).
1033 1627 1179 1700 Calend.
1206 1621 1305 1694 Mar·
1357 1625 1590 1700 mansionem.
1647 1625 1778 1696 Verum
1800 1631 1845 1698 de
1867 1629 1943 1722 ipso
1967 1643 2144 1704 conventu
2160 1628 2326 1702 subueni-

311 1733 441 1832 tiis¹‘),
466 1757 562 1806 anno
582 1723 692 1804 1541.
1358 1723 1410 1796 hil
1433 1727 1530 1796 aliud
1556 1726 1642 1800 certi
1666 1723 1855 1816 habemus,
1879 1757 1986 1825 quam
2000 1723 2198 1804 Caesarem
2215 1735 2325 1802 venisse

1359 1825 1608 1919 Noribergam,
1636 1841 1671 1900 et
1689 1829 1759 1904 iam
1776 1831 1996 1906 existimatur
2010 1852 2216 1928 progressus,
2229 1833 2326 1907 Ratis

1359 1955 1500 2022 ponam.
1548 1929 1745 2022 Noriberga
1769 1934 1870 2006 aiunt
1892 1936 2009 2006 nmcio
2031 1938 2119 2032 quid
2143 1939 2265 2010 turbae
2279 1939 2326 2006 da·

1359 2045 1436 2102 tum
1460 2034 1505 2102 ab
1529 2029 1697 2124 Hispanis
1718 2047 1754 2104 et
1777 2059 1889 2108 unum
1911 2051 2019 2130 atque
2041 2041 2194 2110 alterum
2210 2049 2327 2130 propter

1360 2133 1590 2225 petulantiam
1609 2133 1647 2202 in
1661 2135 1736 2215 rixa
1752 2137 1886 2218 occisos
1903 2161 1986 2212 esse.
2038 2134 2140 2210 Nihil
2151 2137 2266 2210 adbuc
2280 2163 2327 2206 na-

1360 2235 1415 2304 bis
1430 2234 1638 2324 significavit
1654 2237 1817 2330 princeps
1830 2241 1876 2313 de
1890 2241 2120 2331 proiectione.
2170 2233 2328 2312 Marcia

1360 2332 1511 2404 Elector
1531 2339 1715 2410 constituit
1738 2333 1806 2412 hoc
1829 2364 1949 2412 mense
1970 2345 2145 2434 proficisci
2166 2369 2243 2414 carm
2265 2341 2328 2410 suis

383 2465 405 2526 †
425 2458 461 2512 Ea
475 2455 643 2532 autographo
655 2451 795 2526 Crucigeri
810 2452 839 2505 in
854 2451 916 2508 cod.
932 2451 1013 2508 Goth.
1030 2471 1076 2508 no.
1091 2453 1151 2510 881.
1166 2453 1192 2509 in
1209 2453 1259 2508 lul.
1358 2433 1585 2518 Mezenit'um
1594 2431 1632 2533 ἐ)
1648 2441 1751 2512 altini
1767 2466 1847 2512 curn
1864 2437 2020 2514 Bavaro
2040 2446 2226 2536 magnifico
2244 2465 2328 2534 appt-

1360 2553 1438 2610 rotu
1472 2542 1694 2612 constituisse
1727 2543 1871 2612 obviam
1907 2545 1959 2616 ire
1982 2545 2126 2618 Caesari
2151 2549 2328 2637 ingressuro

1360 2639 1606 2716 Ratisbonam.
1669 2641 1713 2716 D.
1745 2645 1871 2716 ductor
1890 2639 2081 2718 Laetaris
2111 2673 2178 2720 suo
2208 2647 2329 2718 nonunt

1360 2745 1431 2814 iam
1447 2744 1572 2814 scribit
1585 2745 1623 2814 iu
1637 2737 1877 2846 Mezentium,
1888 2749 2048 2822 dicturus
2068 2749 2140 2834 illi,
2174 2773 2261 2844 quaa
2279 2745 2329 2816 mi·

1006 2930 1010 2939 ,
1360 2845 1457 2914 nime
1473 2845 1584 2930 volet,
1616 2859 1710 2917 utet
1730 2848 1790 2917 ille
1812 2863 1994 2934 meretur,
2019 2866 2055 2922 et
2076 2854 2177 2924 adito
2197 2850 2331 2920 virulen-

315 2937 363 3030 S·
388 2953 434 3030 D.
477 2949 729 3025 Gratissimum
742 2945 948 3024 mihituum
963 2966 1014 3024 est
1029 2951 1196 3039 officium,
1213 2952 1309 3048 quod
1361 2947 1497 3016 tissimo
1517 2947 1647 3038 scripto
1666 2948 1771 3020 etiam
1786 2947 1831 3021 D.
1843 2947 2036 3023 Ductorem
2051 2953 2237 3026 lacessivit.
2284 2947 2331 3020 Tl-

318 3061 434 3130 adme
449 3081 523 3128 non
538 3055 721 3146 neglexisti
736 3053 899 3128 scribere.
950 3051 1050 3124 ldem
1069 3078 1131 3146 ego
1152 3055 1310 3128 facturus
1362 3048 1457 3120 tulus
1472 3047 1586 3116 libelli
1603 3063 1670 3119 est:
1697 3044 1813 3118 vvider
1826 3047 2072 3141 Haasc'vorsl,
2102 3056 2204 3126 cuius
2220 3053 2330 3142 exipsu

318 3183 413 3232 eram
430 3159 548 3252 prior,
578 3159 607 3226 si
622 3158 744 3228 luisset
758 3153 934 3228 tabellarii
950 3157 1060 3248 copia.
1110 3153 1219 3228 Domi
1241 3181 1312 3228 no-
1361 3173 1501 3220 csusam
1517 3149 1703 3242 intelligas.

318 3277 409 3336 strae
430 3259 499 3332 Dei
523 3257 692 3331 beneficio
717 3251 832 3328 adbuc
855 3259 951 3328 salva
973 3273 1057 3330 sunt
1079 3259 1219 3344 omnia,
1243 3257 1310 3330 etsi
1433 3248 1569 3330 ,Visus
1597 3268 1649 3324 est
1676 3249 1734 3324 bic
1755 3279 1947 3346 paucarum
1971 3258 2190 3348 pagellarum
2214 3253 2332 3330 libellus

318 3363 484 3436 valetudo
502 3361 539 3432 iu
556 3361 677 3454 paucis
691 3361 792 3430 firma
806 3373 869 3432 est.
921 3355 1003 3432 Mea
1021 3385 1111 3432 uxor
1130 3355 1221 3430 mihi
1240 3385 1310 3430 nu·
1361 3353 1478 3424 editus
1499 3352 1580 3424 licto
1603 3355 1766 3442 nomine,
1806 3359 1866 3428 sed
1893 3372 2036 3430 auctore
2065 3359 2217 3430 minime
2243 3353 2332 3430 dubio

317 3491 384 3562 per
405 3465 515 3536 liliam
539 3463 691 3558 peperit,
732 3461 798 3532 deo
821 3461 867 3530 sit
888 3462 1011 3552 gratia.
1077 3461 1151 3532 Tui
1173 3463 1325 3534 incarn-¹
1360 3449 1545 3524 Mezentio
1570 3468 1631 3526 aut
1653 3456 1877 3543 eiusscriba·
1935 3455 2109 3541 lustinus
2136 3457 2333 3550 Warsugcr

319 3567 436 3652 mddi,
461 3567 556 3660 quod
573 3561 698 3634 scribis
712 3587 752 3632 ex
768 3563 883 3658 cotylo
898 3577 931 3634 te
944 3563 1142 3648 laborasse,
1168 3588 1307 3634 causam
1361 3555 1560 3626 carnificem
1602 3581 1638 3626 se
1679 3559 1834 3650 adpellat
1864 3551 2111 3656 Landgravii
2136 3563 2335 3638 ministrum,

319 3670 430 3758 magis
465 3669 504 3736 in
537 3669 621 3738 aina
644 3661 864 3754 Thuringica
892 3689 996 3758 quam
1024 3667 1063 3736 in
1089 3665 1150 3734 illa
1176 3667 1310 3758 optima
1362 3657 1485 3728 scribit
1501 3659 1544 3727 ad
1560 3681 1662 3729 suum
1679 3661 1882 3744 dominum,
1916 3676 1951 3734 et
1966 3677 2070 3734 ornat
2086 3687 2170 3735 earn
2190 3663 2334 3736 laudibus

319 3767 540 3862 Vangionica
563 3767 724 3850 confero,
759 3791 799 3836 ac
820 3765 895 3858 ipse
918 3791 963 3836 ne
987 3761 1046 3836 hic
1069 3765 1213 3861 quidem
1234 3767 1310 3837 sine
1361 3753 1522 3852 περὶτῆς
1536 3755 1777 3859 ὃιγαμίαςμὴ
1795 3760 2086 3858 ἀναβαπτισμοῦ
2101 3779 2136 3843 et
2151 3767 2244 3850 aliis,
2266 3785 2335 3856 quae

319 3871 546 3944 incommodo
563 3867 777 3940 valetudinis
792 3867 860 3940 alia
877 3893 982 3962 quam
995 3863 1170 3942 Rhenana
1187 3869 1309 3940 bibere
1362 3856 1580 3932 horrendum
1598 3876 1649 3933 est
1662 3863 1796 3950 audire,
1819 3880 1853 3938 et
1869 3865 2024 3937 minatur
2038 3861 2155 3938 adbuc
2170 3867 2335 3938 atrociora.

320 3995 480 4066 possum,
512 3971 576 4044 etsi
601 3969 747 4040 minime
771 3969 968 4040 afferuntur
984 3971 1101 4064 qualia
1120 3983 1202 4040 nata
1218 3983 1311 4040 scrut.
1363 3958 1591 4054 Otempora‚
1614 3989 1638 4038 u
1656 3965 1831 4036 seculum!
1884 3965 2190 4055 Eoventumest‚
2225 3983 2265 4040 ut
2283 3965 2336 4034 ini·

322 4073 429 4166 Quod
454 4073 561 4166 petis,
587 4071 653 4142 tibi
676 4069 771 4140 mitti
791 4067 836 4143 D.
857 4067 1021 4142 Doctoris
1042 4063 1207 4142 Lutheri
1227 4095 1311 4164 sup-
1363 4063 1445 4134 mici
1461 4065 1633 4156 principis
1646 4087 1710 4136 sua
1731 4067 1860 4140 scelera
1882 4071 2019 4145 mando
2041 4071 2163 4161 palam
2183 4071 2338 4148 desinant,

320 4176 558 4272 putationem,
592 4167 685 4244 mihi
709 4173 870 4242 nondum
893 4173 959 4242 otii
981 4185 1118 4246 tantum
1145 4174 1232 4258 suit,
1272 4187 1312 4244 ut
1363 4189 1452 4258 quae
1477 4168 1675 4256 praestabat
1697 4167 1823 4238 obruta
1846 4193 1919 4240 esse
1942 4172 2169 4264 sempiternis
2192 4169 2337 4248 twebrlss

321 4291 434 4350 totum
457 4275 712 4358 describerem,
746 4275 805 4342 sed
832 4275 1027 4346 describam
1050 4276 1311 4368 cumprimum
1362 4261 1497 4336 Be'blt'a
1516 4269 1716 4357 recognita,
1740 4283 1920 4362 utspero,
1950 4273 2017 4344 sub
2034 4271 2338 4351 Francosordensu

319 4395 453 4472 putero.
513 4376 659 4452 Utinam
694 4369 784 4446 mihi
816 4375 919 4446 liceat
950 4377 1160 4470 aliquandiu
1186 4377 1310 4448 saltem
1364 4367 1544 4438 nundinas
1568 4371 1732 4456 edentum
1775 4387 1827 4452 cst
1855 4375 1951 4444 euim
1979 4375 2140 4448 absoluta
2164 4373 2337 4464 castigatio.

456 4508 459 4516 ·
1363 4467 1416 4540 De
1441 4462 1485 4538 F
1481 4465 1629 4538 rae'derici
1650 4467 1854 4570 [Myconii]
1881 4476 2039 4566 periculo
2059 4479 2161 4548 valde
2182 4477 2338 4548 dolemus

195 2073 206 2090 '
328 2095 526 2176 morsa.
586 2181 591 2190 ,
1154 2099 1292 2166 aaa.

314 2201 524 2238 Μ
1133 2189 1304 2221 Μ

549 2273 753 2386 Crueiger
781 2272 844 2356 ad
872 2273 1074 2357 Meuium.

322 2613 417 2690 Viro
441 2613 594 2712 optimo,
630 2606 801 2712 praedito
822 2607 966 2704 insigni
989 2607 1156 2682 doctrina
1178 2619 1211 2681 et
1230 2611 1309 2709 pie·

317 2727 411 2798 lule,
437 2712 490 2786 D.
505 2713 534 2786 I
540 2723 643 2786 usto
666 2711 843 2794 Manio,
876 2708 1031 2782 Pastori
1043 2709 1210 2784 ecclesiae
1227 2711 1309 2784 Ise-

521 2839 707 2898 aucensrs,
734 2837 934 2886 omacosuo
949 2837 1104 2885 summo.

322 4555 575 4616 -‘—·
1364 4585 1398 4642 et
1412 4569 1528 4642 Deum
1543 4596 1740 4664 precamur,
1765 4589 1805 4646 ut
1820 4577 1936 4646 virum
1952 4578 2128 4668 optimum
2144 4594 2260 4650 servet
2276 4577 2337 4646 diu·

353 4743 383 4814 7)
401 4741 470 4800 cod.
486 4741 570 4800 Gella.
586 4745 641 4813 qui.
1366 4666 1515 4767 uus'n)

355 4831 385 4901 8)
403 4827 473 4886 ch.
487 4827 569 4884 Gotb.
583 4837 612 4884 et
623 4823 736 4880 Monac.
748 4827 925 4888 dassadlrum.

355 4917 386 4984 9)
402 4915 470 4974 Coti.
485 4913 581 4970 licead.
596 4915 682 4968 malo.

358 5005 406 5068 10)
424 4999 494 5056 cod.
507 4998 606 5057 Dmtl.
621 4996 784 5052 Danielem.
1399 5017 1429 5080 η)
1448 5015 1597 5070 flentium
1616 5013 1758 5070 Rumpe·

356 5087 401 5156 ¹¹)
416 5101 469 5160 ΡΝ
481 5083 604 5150 d⁰¹⁰''l‘s
624 5077 687 5134 ωδ·
703 5077 801 5134 Dmd·
813 5083 960 5138 MWW’·
1400 5101 1448 5166 t¹⁸)
1466 5099 1568 5154 Scribit
1582 5099 1613 5153 Μ
1632 5099 1729 5154 eonius
1747 5100 1781 5156 ad
1794 5099 2000 5156 Melantbouem
2021 5101 2048 5156 in
2069 5104 2181 5178 apistolr
2202 5107 2236 5160 acl
2252 5106 2341 5160 bleisa·

358 5169 404 5240 li)
420 5166 491 5224 Coti·
506 5163 606 5222 Dmd.
618 5163 698 5216 Bene
710 5163 783 5216 vale.
1435 5169 1545 5226 tironem
1560 5167 1586 5224 d.
1620 5207 1627 5221 .
1646 5167 1687 5220 16.
1702 5167 1785 5223 lllart.
1801 5169 1873 5222 1511.
1889 5189 1968 5241 quam
1982 5171 2071 5226 inveni
2085 5177 2112 5226 in
2126 5174 2188 5228 eod.
2206 5173 2287 5228 Goth.
2299 5171 2341 5226 lsi.
2370 5207 2371 5244 p

357 5252 402 5322 13)
418 5261 556 5306 nolanus
568 5248 641 5302 theat
655 5264 670 5300 a
683 5245 746 5301 cod.
761 5245 860 5308 Dresd.
1435 5257 1478 5322 ep.
1491 5237 1551 5290 tac
1573 5233 1711 5306 „Aliquot
1729 5235 1874 5320 dicabui'sui
1887 5255 1949 5292 cum
1964 5257 1981 5290 u
2003 5239 2068 5292 timo
2082 5253 2108 5294 et
2123 5241 2282 5298 fidelissimo
2296 5261 2340 5318 me

357 5340 401 5410 ll)
419 5347 447 5394 rt
459 5339 569 5392 riserat.
583 5331 658 5390 abest
670 5349 686 5384 a
698 5329 762 5388 cod.
775 5329 860 5390 Goth·
872 5345 900 5390 et
912 5333 975 5392 cod.
989 5335 1100 5400 Morare.
1436 5309 1499 5390 {¹¹9⁰
1513 5315 1608 5358 ”⁰⁸¹⁰
1622 5305 1656 5358 ὓ·
1667 5303 1792 5386 Qvo
1803 5307 1984 5390 «ἳέιιπίοιίςἰ
2079 5309 2147 5394 disp.
2185 5312 2213 5366 la
2233 5331 2276 5364 me
2294 5321 2341 5386 totu

358 5425 403 5488 ¹⁶>
423 5423 496 5476 Μ·
509 5419 582 5476 u*
599 5413 689 5472 ....
705 5413 803 5472 a...
1436 5373 1827 5497 1111111111
1839 5374 2030 5496 tartum
2044 5377 2153 5500 tau
2177 5391 2205 5434 ²¹
2312 5397 2343 5498 a

359 5509 404 5574 ¹⁵)
422 5505 494 5562 ⁰⁰⁴·
508 5501 608 5558 Dm‘l·
621 5497 712 5554 m·
1352 5525 1364 5594 Ἰ
1439 5527 1500 5566 meo
1518 5510 1654 5566 liberaret.
1687 5509 1742 5564 Sed
1760 5509 1813 5566 viu
1830 5461 1921 5566 licam
1931 5463 2120 5588 'lirgullaeapil
2132 5463 2189 5590 {lili
2201 5467 2343 5572 idldnlllla.

1567 4671 1663 4743 Bene
1682 4675 1758 4746 vale
1776 4701 1855 4746 cum
1881 4673 2127 4752 honestissima
2149 4680 2298 4768 coniage
2316 4687 2337 4744 ct
