4814 6262
281 327 355 402 est
658 356 670 362 -
847 311 1282 448 EPISTULARUM
1331 313 1572 392 ttu.vl1t
1623 309 1753 394 1541.
1814 341 1816 348 ’
2242 311 2311 385 att

285 502 351 572 dae
366 495 557 589 impietatis
572 502 608 568 et
629 495 905 566 metandorum
921 489 1137 583 flagitiorum
1155 485 1277 560 babitu
1330 489 1417 558 nme
1431 485 1639 566 celebretur.
1678 480 1744 556 Ae
1762 485 1911 556 demum
1928 483 2039 556 etism
2062 483 2233 556 intutum
2247 483 2312 554 len
2393 501 2394 568 ξ

285 601 441 684 ratione,
473 598 515 668 in
533 596 702 690 peccarmi
723 596 905 688 proposito
927 605 1209 685 perseverantes,
1240 613 1279 660 se
1330 589 1526 662 omittatur.
2393 661 2394 682 χ

285 697 372 772 huic
396 699 703 772 saeratissimseac
719 697 960 778 divinissimae
982 693 1114 766 actioni
1129 694 1281 763 damna·
1382 686 1499 758 tlte
1520 687 1691 782 quoniam
1715 686 1861 805 tetrique
1884 687 1932 756 sle
1955 707 2020 759 sm
2034 636 2317 858 ιειιιιιξιιιιιεθυδῐι
2240 700 2317 756 suut

285 801 409 874 biliter
445 800 665 870 miscuerunt
695 797 854 890 persuasi
887 795 957 866 sibi
987 793 1135 866 Missam
1168 793 1288 864 solius
1331 790 1489 884 persuasi
1506 787 1582 860 fieri
1597 791 1718 858 forsan
1731 789 1858 882 possit
1880 801 1923 858 ut
1936 787 2068 877 singull
2081 783 2193 882 suo

287 902 423 976 externi
428 901 565 1021 operis,
580 899 681 992 quod
693 899 863 972 Sacerdos
876 897 970 982 iacit,
987 896 1280 990 virtutepcodes-
1331 891 1511 966 abundare
1525 891 1832 982 permitterentur,
1855 911 1902 960 ue
1915 882 1969 974 hi,
1993 887 2149 982 quisine
2163 791 2318 962 cimmo-

288 1027 345 1088 se,
372 1004 439 1076 etsi
455 1003 524 1094 ipss
512 997 630 1071 nihil
646 1001 778 1092 probae
792 999 922 1070 mentis
937 999 1126 1072 adferrent.
1178 994 1280 1086 Quae
1331 993 1533 1066 dicentibus
1548 991 1865 1078 sacramentaliter,
1889 1014 1969 1062 curn
1986 991 2181 1066 astantibus
2196 1006 2319 1074 tamen,

288 1105 412 1198 opinio
427 1103 629 1177 damnanda
642 1116 713 1188 est,
733 1115 841 1196 atque
861 1099 966 1172 etiam
982 1085 1088 1184 iales,
1113 1121 1145 1168 ιι
1131 1096 1281 1192 publi·
1333 1111 1367 1170 et
1386 1115 1597 1166 consensum
1610 1093 1780 1162 sacrificio
1794 1085 2100 1188 praebentibusgffl)
2116 1093 2320 1164 sacrificium

290 1229 331 1278 ca
346 1205 418 1278 sint
432 1202 737 1278 criminaasacris
752 1201 915 1286 arcendi,
941 1222 997 1270 san
1006 1195 1049 1296 99)
1065 1200 1217 1286 occulta,
1240 1209 1283 1273 ut
1334 1197 1507 1282 offerunt,
1532 1195 1803 1278 damnarentur,
1828 1191 1888 1264 llli
1909 1217 1993 1264 vero
2017 1217 2091 1264 non
2115 1207 2321 1284 cogerentur

291 1329 329 1377 se
355 1329 379 1380 a
405 1320 478 1383 tam
507 1304 698 1376 tremendis
721 1303 915 1398 mysteriis,
948 1303 1037 1374 dum
1058 1299 1282 1394 resipuerint.
1334 1299 1448 1386 aliter
1463 1319 1570 1391 quam
1594 1296 1840 1390 praesentibus
1865 1295 2214 1368 communicantibus
2234 1293 2320 1364 stis

291 1401 520 1494 subtrahant,
542 1405 696 1476 docendi
710 1417 805 1482 sunt.
1069 1469 1073 1478 .
1153 1458 1155 1467 ,
1334 1424 1409 1474 suan
1422 1395 1565 1472 habere.

613 1539 619 1546 ·
1124 1584 1140 1596 „
1433 1497 1574 1572 Rursus
1596 1511 1680 1570 sunt
1696 1520 1739 1566 ex
1762 1521 1835 1568 una
1855 1509 1955 1615 parte
1976 1497 2039 1592 qui
2061 1496 2187 1570 dicunt
2201 1495 2322 1568 Sacra-

734 1579 834 1654 XXI·
1335 1615 1494 1672 mentum
1518 1599 1676 1691 corporis
1693 1613 1728 1670 et
1749 1599 1932 1692 sauguinis
1954 1599 2020 1670 sub
2040 1610 2191 1692 unaque
2212 1597 2323 1688 specie

291 1699 346 1772 1¹⁶
359 1719 422 1768 Μ
434 1707 469 1764 ²²
481 1696 776 1764 adffliflimtiffll‘
789 1691 1097 1776 Smssmmms
1117 1705 1152 1761 0²
1167 1695 1287 1764 Cam·
1335 1702 1468 1796 populo
1483 1699 1724 1772 administrari
1738 1700 1885 1788 debere,
1890 1701 2004 1816 'quod
2020 1697 2057 1770 id
2071 1695 2208 1771 Christi
2226 1721 2323 1768 man-

503 1787 625 1848 ’9999999
638 1779 836 1866 wamiam
850 1785 1039 1866 mmmm·
1048 1783 1078 1866 *)
1335 1809 1418 1876 dato
1446 1818 1480 1874 et
1506 1799 1725 1875 institutioni
1749 1815 1784 1874 et
1807 1799 1902 1874 mori
1922 1799 2052 1874 veteris
2077 1797 2273 1876 Ecclesiae
2283 1800 2325 1870 sit

394 1903 489 1978 Sunt
502 1927 543 1975 ex
559 1924 632 1974 una
644 1915 744 1995 parte
757 1903 888 1996 quibus
901 1921 1106 1995 persuasum
1126 1913 1179 1972 est
1192 1895 1286 1970 Mis-
1336 1918 1624 1980 consentaneum

293 2031 369 2080 sam
384 2006 506 2099 peragi
521 2027 597 2076 non
606 2005 749 2090 debere,
775 2003 846 2073 nisa
834 2003 980 2074 adsint
994 2004 1057 2122 qni
1073 2025 1153 2073 cum
1170 2021 1285 2074 sacer·
1435 2005 1530 2080 Sunt
1553 2029 1594 2076 ex
1615 2004 1752 2092 altera,
1774 2003 1839 2098 qui
1859 2026 1941 2074 cum
1966 2001 2167 2076 existiment
2181 1995 2252 2072 hoc
2265 2026 2325 2094 po.

294 2111 380 2183 dote
396 2108 611 2178 sacrificante
636 2103 856 2177 sacramenti
874 2107 1033 2196 eorporis
1054 2117 1088 2174 et
1103 2102 1287 2192 sanguinis
1337 2108 1513 2180 tissimum
1531 2106 1571 2178 in
1587 2104 1825 2192 Sacramentis
1846 2105 2095 2194 spectandum,
2123 2128 2195 2197 quo
2213 2104 2326 2194 signa-

296 2209 473 2282 sumtione
487 2207 760 2278 communicent
798 2203 917 2294 Quod
935 2229 976 2276 eo
992 2205 1062 2275 fine
1077 2199 1146 2274 huc
1160 2203 1288 2276 Sacra·
1337 2210 1383 2282 tis
1404 2209 1515 2298 magis
1537 2231 1644 2302 quam
1671 2207 1780 2298 signis
1804 2207 1967 2280 fruamur
1996 2219 2030 2278 et
2056 2206 2325 2299 acquiescamus,

294 2323 455 2382 mentum
473 2310 631 2404 primum
642 2331 706 2400 pet·
717 2301 930 2378 Christum'
918 2307 1123 2380 institutum
1139 2317 1175 2377 et
1189 2329 1287 2378 eom·
1338 2308 1391 2382 Ac
1408 2323 1562 2396 comet,
1581 2309 1724 2380 interim
1740 2308 1807 2378 sub
1827 2330 1901 2378 una
1919 2317 2057 2380 tanturn
2074 2319 2251 2402 quantum
2264 2307 2326 2378 sub

295 2413 501 2486 mandatum
515 2411 573 2496 sit,
589 2423 631 2480 ut
644 2429 740 2480 tinus
753 2407 855 2500 panis
869 2421 904 2482 ct
914 2431 1029 2481 unum
1040 2429 1168 2500 corpus
1181 2405 1288 2476 multi
1339 2409 1478 2486 duabus
1493 2409 1675 2504 speciebus
1687 2409 1883 2496 contineri,
1906 2409 2135 2481 asserendum
2153 2433 2232 2478 non
2248 2431 2326 2494 esse,

297 2515 416 2590 simus.
461 2509 570 2602 Quod
585 2533 627 2580 er
641 2533 819 2603 unopane
834 2523 957 2582 etnno
973 2509 1080 2585 calice
1097 2508 1288 2602 participa·
1337 2529 1379 2587 ut
1396 2513 1550 2606 impium
1569 2513 1830 2598 damnandum,
1854 2512 1952 2628 quod
1967 2507 2155 2580 Ecclesia'
2143 2534 2219 2582 tam
2237 2511 2326 2580 mul-

295 2637 394 2696 tmtss,
432 2627 536 2708 alque
558 2607 654 2683 hunt
672 2611 781 2682 tutae
802 2611 930 2683 veleris
952 2606 1130 2684 Ecclesiae
1150 2631 1286 2681 morem
1338 2617 1383 2688 tis
1403 2615 1529 2684 secedis
1550 2614 1659 2685 laicos
1681 2637 1754 2684 una
1776 2614 1890 2706 speeie
1912 2623 2097 2684 contentos
2118 2625 2212 2682 recte
2235 2635 2327 2682 com-

296 2717 496 2788 adstrunnt.
1339 2717 1544 2802 munirem,
1581 2729 1617 2786 ct
1639 2709 1733 2786 nihil
1763 2727 1885 2784 eontra
1909 2713 2172 2785 institutionem
2195 2707 2328 2784 Christi

329 2841 348 2875 -ι
382 2815 476 2890 Sunt
486 2807 547 2910 ”)
559 2839 601 2886 ex
612 2815 721 2886 altera
733 2839 797 2909 qut
812 2813 1012 2885 existiment
1020 2810 1170 2882 Missam
1183 2810 1288 2882 eliam
1339 2819 1454 2890 facere
1481 2831 1532 2888 est
1558 2812 1746 2902 arbitrata,
1774 2840 1816 2886 eo
1843 2816 2013 2900 maxime,
2045 2815 2142 2908 quod
2168 2807 2328 2885 Christus

296 2918 356 3012 pie
380 2916 572 3002 celebrari,
601 2916 636 2987 si
667 2918 775 2988 modo
801 2915 937 3000 adsint,
968 2915 1033 3016 qui
1057 2912 1290 3006 spiritualiter
1341 2943 1417 2990 eam
1441 2918 1667 2990 autoritatem
1681 2913 1858 2988 Ecclesiae
1877 2869 2062 3014 reliquisse
2076 2915 2263 3002 videatur,
2292 2927 2329 2985 ut

159 3081 164 3088 .
295 3029 437 3091 tautum
463 3041 545 3089 ettm
566 3019 746 3090 sacerdote
760 3017 1041 3102 communicent,
1067 3025 1104 3085 et
1118 3012 1288 3084 sacrificio
1341 3021 1380 3090 in
1397 3021 1550 3090 externis
1569 3017 1878 3091 sacramentorum
1902 3017 2131 3088 caeremoniis
2152 3039 2233 3087 eam
2256 3039 2329 3087 mo-

297 3141 510 3193 cnnsensurn
527 3105 729 3212 praebeant,
754 3113 976 3190 Etsihorum
993 3137 1135 3211 quoque
1149 3129 1291 3184 senten·
1341 3115 1877 3214 derationemadhiberepossit,
1903 3143 1991 3216 quae
2006 3141 2071 3212 pro
2088 3119 2228 3190 ratione
2245 3131 2331 3190 tern-

250 3247 256 3252 ·
296 3223 348 3293 tra
362 3222 514 3314 pupulus
526 3221 708 3291 docendus
720 3233 756 3291 et
768 3220 960 3308 diligenter
975 3217 1222 3288 admonendus
1235 3215 1290 3300 sit,
1341 3247 1469 3316 porum
1504 3236 1539 3293 et
1567 3222 1737 3293 locorum
1751 3219 1910 3292 fidelium
1934 3220 2041 3293 saluti
2065 3243 2148 3293 eum
2174 3221 2330 3292 sufficere

296 3339 339 3398 ιιι
354 3346 459 3418 quam
474 3321 676 3414 saepissime
692 3319 939 3406 communicet,
964 3312 1069 3416 ιιι99),
1092 3317 1156 3413 qui
1171 3315 1292 3412 quoti-
1343 3341 1419 3396 tum
1435 3325 1659 3394 commodate
1673 3313 1904 3397 existimetur

297 3426 358 3498 dte
381 3437 523 3517 pascu,
551 3421 711 3519 quotidie
733 3421 841 3493 etiam
863 3416 1066 3494 anheletad
1082 3419 1291 3492 sumendam
1442 3421 1577 3510 Verum
1600 3449 1680 3495 cum
1695 3434 1766 3493 tam
1789 3421 1974 3518 plurima'
1963 3447 2002 3492 ιιι
2016 3421 2212 3496 Germania
2234 3423 2332 3518 plebs

167 3595 169 3600 ,
297 3525 522 3602 medietatam.
573 3519 693 3618 Atque
708 3518 802 3596 hanc
816 3523 1024 3594 sententiam
1039 3543 1085 3592 ne
1099 3541 1179 3592 cnm
1196 3533 1292 3591 vete-
1341 3527 1593 3620 persuaserit,
1624 3519 1759 3598 Christi
1784 3529 1992 3596 mandatnm
2015 3537 2050 3595 et
2073 3523 2331 3596 institutionem

298 3651 382 3702 rum
404 3628 549 3722 quidem
573 3649 673 3700 mere
695 3647 852 3716 pugnate
875 3625 1022 3710 dicunt,
1057 3635 1162 3716 atque
1186 3622 1291 3692 etiam
1342 3627 1543 3722 requirere,
1580 3637 1622 3698 ut
1659 3627 1798 3718 integra
1833 3625 2059 3699 Sacramenta
2093 3627 2262 3720 accipiat,
2302 3637 2333 3694 et

299 3723 539 3824 putenthnnc
553 3749 660 3800 usum
673 3725 916 3798 ιιιιιιιιιιιιοιιι
929 3719 1066 3796 Chresti
1080 3717 1175 3792 nihil
1190 3745 1294 3814 prae-
1343 3729 1493 3800 omnino
1522 3729 1738 3814 cavendum,
1770 3751 1817 3798 ue
1847 3729 1927 3824 quis
1951 3723 2084 3798 adhaec
2114 3739 2333 3799 sacrosancta

302 3831 476 3916 indicare,
500 3809 596 3923 qnod
615 3829 776 3898 sacerdos
792 3821 861 3898 hoc
877 3825 1093 3916 publicum'
1082 3847 1122 3894 ιιι
1136 3820 1293 3894 Ecclesia
1343 3829 1508 3926 mysteria
1530 3829 1773 3950 participanda
1787 3853 1868 3899 cnm
1887 3827 1981 3900 mala
2003 3827 2219 3902 conscicntia
2239 3851 2334 3901 acce-

302 3931 694 4018 ministeriumgcrcns,
717 3952 752 3998 se
768 3927 937 4000 omnibus
952 3926 1015 4022 qui
1030 3939 1104 3998 toto
1118 3938 1293 3996 terrarum
1345 3934 1421 4018 dat,
1445 3933 1743 4032 operaepretium
1758 3931 1951 4013 videbitur,
1976 3953 2008 4000 ιι
1994 3927 2181 4002 'Ecclesia
2194 3931 2241 4002 ad
2259 3953 2335 3998 me-

303 4033 392 4110 orbs
407 4027 475 4114 hoc
492 4043 710 4102 sacramento
727 4029 940 4121 participant
954 4053 1017 4120 per
1037 4028 1141 4098 fidem
1155 4026 1295 4117 ,adiuu-
1344 4035 1503 4104 dandum
1517 4029 1575 4104 his
1587 4033 1691 4103 malis
1705 4033 1870 4104 omnibus
1886 4031 2041 4103 liberum
2053 4031 2176 4119 iaceat
2193 4031 2269 4104 sub
2285 3981 2394 4100 ιιι-9

303 4148 374 4225 gat.
408 4131 469 4214 Ad
482 4126 572 4227 haec
586 4148 753 4204 verentur
767 4129 827 4202 isti
841 4125 925 4226 si⁰⁰)
942 4124 1001 4200 hic
1017 4151 1101 4204 usus
1116 4149 1157 4199 er
1170 4121 1295 4198 Eccle·
1344 4147 1419 4206 tera
1440 4133 1498 4204 vel
1520 4149 1672 4230 utraque
1690 4136 1806 4228 specie
1826 4133 2108 4220 commmticars,
2131 4133 2184 4204 sic
2205 4147 2334 4210 tamen

304 4237 355 4306 eis
370 4235 527 4318 tollatur,
543 4233 618 4304 fieri
633 4255 735 4324 posse
748 4246 788 4304 ut
803 4227 910 4325 (quae
925 4245 977 4300 est
990 4225 1178 4302 huminum
1191 4251 1295 4320 prce-
1345 4259 1391 4306 ne
1408 4233 1494 4306 hine
1516 4237 1682 4330 cuiquam
1689 4231 1732 4334 9’)
1759 4237 1832 4308 ulla
1858 4257 1962 4324 cansa
1986 4236 2215 4330 praebeatur,
2241 4257 2335 4305 reca-

303 4337 412 4408 ssntis
432 4335 661 4428 tempestatis
669 4333 709 4402 in
736 4331 1004 4424 frequentandis
1024 4329 1200 4424 mysteriis
1223 4321 1295 4398 aci-
1344 4353 1440 4431 ptam
1462 4333 1664 4410 hactenus'
1653 4361 1693 4406 m
1712 4331 1872 4410 Ecclesia
1891 4336 2184 4408 consuetudinem
2207 4349 2334 4408 temere
2393 4411 2394 4414 Ἴ

305 4433 382 4532 dia)
404 4431 472 4510 hoc
487 4435 694 4506 sacrificium
716 4433 850 4520 laudis,
875 4427 1181 4528 quodChtislus'
1170 4455 1210 4500 tn
1225 4425 1295 4500 Ec-
1346 4439 1559 4526 damnandi,
1584 4441 1641 4510 vel
1657 4433 1830 4531 posthac'
1818 4439 1971 4508 invicem
1986 4435 2182 4512 iudicandi.
2233 4423 2394 4508 Certe

305 4538 410 4608 clesia
437 4535 764 4631 ireqeteutissimum
795 4556 867 4606 esse
894 4533 1027 4622 voluit,
1058 4555 1166 4630 quam
1188 4533 1295 4602 tetis·
1345 4541 1600 4612 caeremoniam
1617 4542 1721 4611 istam
1734 4539 1996 4612 communionis
2011 4540 2196 4640 utriusque
2207 4559 2394 4652 spectet

310 4698 522 4726 Μ
618 4712 646 4727 ,,
692 4711 697 4723 ,
1347 4641 1392 4712 ad
1406 4641 1647 4714 necessitatem
1664 4641 1808 4732 alligare
1820 4641 2013 4714 absurdum
2028 4631 2158 4726 suerit,
2184 4643 2240 4710 vel
2254 4663 2333 4734 pro·
2393 4607 2394 4674 9

340 4807 388 4874 83)
406 4801 592 4860 numm
606 4805 641 4859 ω.
1347 4757 1426 4838 pter
1452 4743 1660 4828 abstemios,
1691 4755 1852 4832 aegrotos
1879 4755 1915 4814 et
1945 4741 2097 4824 similes,
2133 4742 2196 4838 qui
2217 4766 2239 4812 a
2260 4737 2332 4808 vini

339 4891 405 4966 *),,
412 4888 464 4946 liic
481 4895 661 4970 protestantes
677 4885 855 4944 exbibuerunt
875 4903 955 4942 susm
971 4883 1122 4944 ιιιιιιιιιιιιι
1141 4886 1175 4942 ds
1193 4885 1297 4958 priests
1348 4869 1462 4939 ῬΜ
1477 4845 1582 4938 Plane
1597 4797 1802 4920 ξιιιιιθῗῑἪῙῘ·

339 4928 471 5116 ambilippq
475 4953 765 5096 qqqpppmaqitersliffi
799 4955 967 5026 Notsmsrg.
1448 4973 1612 5071 Denique
1636 4989 1721 5050 mm
1748 4997 1792 5048 ex
1814 4999 1886 5050 um
1915 4989 2033 5068 pm,
2064 4973 2131 5071 qui
2158 4833 2394 5070 posmlami

309 5153 314 5162 ·
340 5124 519 5214 Ἃιιι’),,ιιιιί
473 5140 514 5179 uss
533 5122 681 5179 sententias
699 5139 751 5176 uos
769 5139 879 5206 sumnp,
901 5121 957 5179 snt
975 5121 1127 5180 censuum
1141 5123 1219 5204 quod
1229 5123 1297 5177 sub·
1348 5075 1575 5152 &crimem
1589 5103 1629 5150 ²³
1643 5077 1766 5171 lingui*
1781 5078 2045 5166 admifflifflns
2064 5101 2188 5174 qua-⁰³
2202 5072 2329 5170 l²⁰l³¹¹¹⁰

374 5217 422 5254 run
441 5197 496 5250 itur
511 5193 540 5248 in
561 5191 631 5248 libro
650 5210 714 5248 cum
729 5191 756 5245 id
770 5193 822 5246 tsle
834 5193 884 5261 sit,
906 5201 939 5246 ιιι
957 5209 991 5248 so
1008 5191 1094 5276 ppssit
1111 5189 1297 5275 tranquillitati

399 5263 559 5322 eruissem
578 5259 708 5332 utrinque
727 5259 874 5316 commode
887 5270 913 5316 st
932 5259 1083 5316 Christiane
1103 5259 1227 5328 consuli,
1249 5277 1295 5314 rs·
1841 5315 1844 5322 ,

373 5267 524 5409 linquimus
535 5328 683 5386 Caesarue
697 5327 830 5382 Maieststi
844 5338 870 5383 el
883 5327 958 5384 Sacri
971 5329 1081 5400 imperii
1093 5295 1236 5382 ordinibus
1250 5345 1296 5382 er·
1382 5305 1428 5372 9¹)
1446 5305 1554 5364 ΜΝ
1541 5267 1635 5365 im
1648 5310 1679 5362 5¹¹
1688 5324 1749 5365 ⁸¹¹⁰·

375 5399 561 5476 pendendum.
586 5397 671 5453 lulius
683 5395 781 5469 Pllug,
798 5395 932 5452 lebannes
945 5395 1099 5471 Groppsr.’⁸
1125 5396 1196 5454 Nots
1208 5413 1295 5468 marg.
1381 5393 1430 5462 92)
1448 5391 1517 5449 lius.
1531 5402 1558 5448 et
1568 5393 1635 5450 uate
1645 5393 1864 5463 prosstsmlsss·

340 5479 685 5559 miclaniensem
1383 5476 1747 5552 sitsuccessurum
