4856 6266
90 361 138 441 65
656 363 1094 454 EPISTOLARUM
1141 377 1247 454 LIB.
1279 367 1381 462 v1'11.
1435 381 1562 466 1641.
2076 400 2130 477 66

90 565 195 640 quam
221 537 317 614 mibi
339 544 452 616 adfert
472 545 512 614 in
532 547 798 640 respondendo:
820 549 894 620 sed
916 539 1085 621 duae'res
1235 547 1290 626 Ac
1302 555 1458 648 primum
1474 559 1519 630 de
1535 561 1717 634 vocabulis
1735 564 1862 638 dicam.
1903 565 2050 646 Crimen
2063 599 2128 648 vo-

88 647 177 718 aliae
205 645 368 718 laborem
394 641 485 716 milti
514 649 663 739 augent,
696 664 731 722 et
753 651 895 723 veritati
920 653 1086 723 adferunt
1134 667 1236 726 catur
1257 659 1392 728 actuale
1415 675 1618 752 peccatum,
1650 677 1685 735 ct
1705 667 1849 760 quidem
1869 671 2022 759 factum,
2055 681 2126 774 quo

89 747 320 841 periculum,¹
336 749 519 830 videlieet,
548 753 656 844 :quod
678 752 838 842 neglecto
859 754 989 827 ordine
1012 753 1085 824 cla-
1133 755 1190 826 lex
1202 754 1272 828 Dei
1286 773 1407 832 contra
1422 764 1673 847 conscientiam
1687 769 1854 858 violatur,
1877 797 1957 874 cuup
1970 772 2038 850 bor
2052 804 2128 852 non

89 848 780 940 „ggggmgtgnoetogtmimffiiamig
804 856 1085 950 myrrhaque&
1135 861 1328 956 estlgratia.
1389 859 1462 934 Nec
1488 865 1639 938 dicimus
1661 868 1810 942 vitiosos
1833 889 1959 957 motus,
1974 868 2128 954 in'san-

87 955 169 1024 darn
195 953 531 1044 captatrombiffle,
565 969 609 1030 ut
630 976 756 1036 musae
779 969 925 1031 nostrae
949 970 1084 1035 eluceat
1134 955 1217 1046 ctis,
1251 961 1381 1056 quibus
1404 983 1621 1061 repugnant,
1653 969 1802 1044 crimina
1828 998 1912 1050 esse.
1969 973 2024 1056 Ac
2046 1007 2129 1075 per·-

88 1051 135 1128 Ut
149 1076 235 1126 cum
251 1067 477 1146 prptpecerte.
489 1076 553 1127 seu
567 1055 676 1142 vitio,
700 1059 799 1151 quod
812 1058 852 1128 in
865 1056 1004 1132 Sanctis
1017 1083 1083 1140 nos
1134 1060 1334 1154 plenitatem
1356 1065 1473 1154 illam,
1506 1069 1550 1138 de
1575 1095 1644 1164 qua
1668 1073 1776 1161 dixit,
1805 1077 1957 1150 maxime
1978 1085 2129 1176 explicat

87 1157 241 1230 dicimus
262 1156 451 1232 rcnrissum
473 1159 771 1232 ercammarum
793 1157 892 1248 esse,
918 1161 994 1254 ipse
1010 1162 1084 1232 uti·-
1134 1165 1295 1236 doctrina
1333 1181 1455 1240 nostra
1489 1171 1534 1239 de
1565 1168 1828 1254 lustificatioue.
1893 1175 2129 1260 Ostendimus

88 1275 146 1332 tm·
161 1259 260 1332 alias.
270 1258 442 1331 insidioso
467 1259 641 1334 vocabulo
664 1261 845 1347 criminis,
877 1262 965 1336 elias
986 1261 1084 1354 capi·
1133 1269 1312 1360 quomodo
1333 1269 1470 1362 placeat
1489 1271 1710 1364 obedientia,
1748 1303 1830 1350 cum
1852 1294 1971 1353 tamen
1992 1285 2039 1358 sit
2058 1289 2129 1360 im·

88 1360 167 1447 talis
183 1357 337 1452 pcccati,
357 1360 445 1430 alias
460 1361 593 1450 culpae.
611 1408 615 1424 ·
644 1359 735 1436 Cum
751 1356 946 1442 interhaec
967 1365 1084 1458 pluri÷
1132 1369 1298 1460 perlecta.
1348 1367 1489 1444 Rursus
1504 1373 1609 1444 etiam
1623 1376 1793 1466 dicimus,
1818 1383 1935 1456 amitti
1953 1385 2128 1464 iustitiam

87 1487 184 1537 mum
202 1461 356 1558 larmir,
408 1459 591 1559 interdum
613 1487 690 1558 mea
715 1465 823 1536 verba
845 1467 994 1545 omniuo
1019 1467 1083 1536 de·
1134 1471 1346 1563 etgratiam,
1372 1499 1454 1544 cum
1469 1475 1624 1548 violatur
1637 1475 1710 1553 Lex
1723 1477 1791 1554 Dei
1804 1499 1927 1557 contra
1939 1469 2127 1564 ¹conscien-

88 1579 222 1658 pravat.
280 1554 435 1636 Utrum
458 1563 523 1648 ait,
562 1558 626 1648 Me
651 1563 775 1636 mirari
797 1565 1021 1658 Baptismum
1043 1567 1082 1637 in
1133 1570 1238 1654 tiam,
1273 1573 1364 1644 sicut
1380 1573 1513 1650 Paulus
1533 1578 1668 1672 inquit:
1704 1579 1778 1672 Qui
1801 1585 1887 1658 talia
1909 1604 2037 1679 egunt,
2061 1587 2129 1664 ¹re·-

88 1665 228 1760 pueris,
252 1663 318 1764 qui
338 1677 433 1756 petat
447 1665 757 1744 condonationem.
808 1663 907 1740 Haec
919 1681 1083 1764 portenta
1133 1694 1242 1763 gnum
1259 1671 1327 1746 Dei
1342 1700 1417 1746 non
1431 1677 1674 1779 possidebunt.

88 1769 283 1861 verborum
295 1790 520 1864 nequaquam
537 1783 656 1840 mma
674 1783 767 1842 ⁸⁰⁰¹·
1233 1821 1477 1899 Discernimus
1502 1831 1608 1900 etiam
1634 1835 1866 1926 appetitiones
1897 1855 1931 1914 et
1956 1829 2127 1938 deprava-

186 1937 280 2010 Cum
295 1931 365 2008 hoc
383 1939 491 2008 modo
512 1939 645 2010 offudis
666 1939 834 2026 nebulas,
865 1941 1003 2012 deinde.
1019 1943 1083 2012 gd.
1132 1923 1279 2046 tionem.
1319 1925 1404 1999 ldeo
1418 1929 1585 2002 iniuriam
1602 1935 1708 2005 nobis
1723 1938 1823 2021 lacit,
1858 1967 1938 2013 cnm
1965 1947 2030 2036 ait,
2061 1975 2127 2022 nos

88 2041 177 2112 atta
202 2042 337 2110 arrosa
359 2041 535 2126 conam,
569 2042 696 2112 tribua
719 2044 824 2113 nous
839 2041 1081 2114 neronianam
1133 2027 1286 2098 nfantes
1314 2053 1463 2102 onerare
1494 2033 1705 2126 capitalibus
1725 2042 1892 2132 peccatis,
1932 2071 2012 2118 cum
2034 2051 2128 2124 fame

87 2143 281 2215 saevitiam.
332 2139 410 2234 Ego
427 2143 472 2212 ali
488 2140 902 2237 utraquereabhorreo,
929 2145 1084 2218 etaSu-
1134 2120 1253 2202 elbum
1270 2145 1414 2224 Petunt,
1439 2147 1500 2206 aui
1514 2135 1625 2228 frigus
1637 2139 1830 2231 refugiunt.
1899 2164 1906 2191 t

87 2242 258 2339 phistica,
284 2256 355 2316 eta
372 2244 632 2320 maledicentia.¹
678 2240 727 2316 Et
746 2247 900 2318 arbitror
916 2249 1083 2319 'volunta-

86 2363 155 2420 tem
187 2369 265 2424 ‚esse
294 2345 558 2432 clementissimi
583 2344 841 2440 Imperatoris‚·
865 2363 907 2422 et·
932 2350 1084 2422 illustris

85 2448 237 2522 Domini
245 2445 490 2521 commissarii
500 2445 1084 2538 etDominorumPraesidentium,

87 2567 124 2624 nt
145 2549 292 2644 placide
312 2549 443 2622 veritas
464 2563 668 2644 quiaemtur.
721 2543 774 2624 Et
800 2546 895 2624 milri
922 2554 1083 2630 conscius

86 2679 182 2740 sum,
201 2677 261 2724 me
276 2647 447 2726 hactenus
461 2651 635 2742 ingenue,
656 2653 781 2739 etsirte
797 2653 881 2739 ullis
895 2654 996 2738 lucis,
1021 2657 1084 2728 de-

87 2758 179 2830 clara
259 2769 399 2831 nostras
422 2753 624 2831 sententias,
662 2735 786 2840 ¹ilaec
813 2753 904 2829 ratio
928 2757 966 2843 ‚si
992 2753 1084 2828 mihi
2179 2847 2184 2854 Ι

85 2871 209 2930 mutan
239 2869 347 2940 aest,
377 2853 526 2950 optarim
542 2850 736 2934 clarissimo
749 2850 795 2928 D.
809 2853 959 2945 Doctori
973 2856 1083 2930 alium
1233 2851 1289 2930 De
1325 2855 1428 2954 culpa
1465 2883 1652 2951 movemur
1690 2867 1920 2960 ambiguitate
1955 2875 2130 2963 vocabuli.

87 2943 347 3034 collocutorem
364 2955 453 3034 dari.
503 2953 661 3031 Maxime
683 2959 780 3030 enim
803 2959 996 3051 anegotiis
1012 2956 1084 3031 rel·
1133 2953 1225 3030 Nam
1247 2971 1381 3031 veteres
1401 2961 1600 3060 plerunque
1623 2967 1860 3062 appellatione
1881 2975 2005 3070 culpae
2018 2993 2129 3052 utun-

88 3059 232 3154 ligionis
262 3061 382 3134 abesse
404 3053 642 3152 sophisticam
670 3059 847 3156 oportuit,
889 3075 924 3133 et
951 3076 1083 3136 certare
1135 3073 1194 3132 tur
1212 3081 1278 3152 pro
1299 3073 1417 3150 reatu,
1456 3064 1585 3154 idest,
1623 3068 1875 3162 imputatione,
1909 3103 1980 3174 qua
1999 3081 2129 3180 aliquis

88 3159 259 3236 comiciis
273 3185 497 3258 nequaquam
511 3159 610 3234 libet.
1134 3184 1216 3233 rcus
1231 3175 1294 3238 est.
1343 3159 1577 3239 Recentiores
1592 3167 1801 3264 simpliciter
1818 3199 1883 3270 pro
1904 3195 2064 3273 peccato,
2095 3199 2130 3256 et

284 3331 294 3352 ,
373 3331 427 3354 ,,
531 3332 545 3351 ,
964 3330 967 3340 ,
1135 3265 1360 3356 distinguunt
1388 3281 1511 3340 contra
1534 3294 1699 3362 poenam.
1763 3273 1886 3370 Quare
1908 3295 1949 3354 ut
1971 3285 2130 3360 obtineat

185 3332 393 3426 Baptismus
415 3333 606 3404 infantium
627 3331 848 3406 defensasse
869 3347 1084 3408 ornatusest
1135 3359 1231 3438 hunc
1250 3365 1416 3438 morbum
1437 3382 1577 3442 tamum
1600 3396 1674 3444 esse
1694 3399 1863 3467 poenam,
1902 3407 1977 3460 non
2001 3368 2130 3458 vitium

88 3438 291 3554 multorum·
310 3433 564 3555 'sbrlpfis'iiffll
585 3457 664 3554 ¹¹9³·
712 3431 762 3507 Ei
782 3459 903 3508 ΝΜ
923 3437 1085 3530 Plerique
1135 3487 1296 3560 pugnans
1311 3491 1390 3538 cum
1407 3470 1484 3562 lege
1498 3471 1584 3560 Dei,
1608 3477 1782 3570 postulat,
1806 3463 1848 3554 ut
1867 3462 2026 3561 dicamus
2049 3491 2129 3562 tolli

87 3535 372 3634 patresfamrlrar.
421 3534 524 3608 Certe
538 3537 582 3606 dc
598 3537 794 3609 liberorum
808 3549 1012 3610 nostrorum
1028 3559 1085 3608 sa-
1135 3592 1277 3642 omnem
1292 3570 1445 3662 culpam,

87 3645 160 3713 lust
176 3640 386 3732 mgitmnus.
406 3636 656 3730 Quotiesipse
667 3639 793 3712 audivi
803 3640 977 3712 inculcari
992 3634 1085 3710 hanc
1560 3681 1565 3690 ·

89 3765 227 3814 vocem:
263 3738 346 3811 Nou
370 3753 422 3812 est
442 3741 609 3813 voluntas
627 3741 759 3833 patris,
791 3755 834 3813 nt
854 3755 974 3834 persen
990 3765 1084 3813 unus
1235 3734 1275 3810 Si
1298 3734 1436 3828 culpam
1459 3750 1598 3810 tantum
1621 3739 1834 3839 intelligeret
1854 3763 2009 3838 reatum,
2037 3753 2128 3830 nihil

89 3841 411 3938 depmfigjgpi,‚
462 3840 645 3918 sentimur
664 3865 724 3912 aas
744 3841 784 3912 in
802 3841 985 3937 Baptismo
1002 3843 1085 3914 lieri
1135 3837 1332 3930 impediret.
1383 3837 1455 3910 Sed
1470 3841 1500 3910 si
1515 3835 1693 3934 hocvult,
1726 3847 1895 3944 reliquias
1909 3857 2027 3930 morbi
2049 3871 2128 3931 tan-

88 3947 179 4018 ffioe
195 3944 286 4029 M,
311 3943 468 4036 ,cuipare
482 3941 657 4035 spiritum
672 3957 856 4028 sanctum,
886 3958 922 4017 et
941 3969 1084 4018 manere
1134 3953 1211 4012 tum
1226 3961 1300 4010 esse
1312 3963 1485 4031 poenam,
1516 3955 1551 4014 et
1566 3967 1641 4015 non
1657 3967 1720 4018 sua
1735 3963 1863 4023 natura
1877 3955 2004 4028 vitium
2022 3984 2130 4054 repu-

88 4051 126 4120 in
142 4047 276 4140 gum,
306 4045 447 4118 unffi,
467 4046 590 4140 quoad¹
606 4067 681 4116 non
702 4045 890 4119 effundant
909 4069 986 4118 eam
1002 4071 1086 4138 pec.
1134 4061 1246 4134 gnans
1265 4039 1336 4130 legi
1353 4037 1442 4132 Dei,
1473 4067 1698 4141 nequaquam
1718 4055 1902 4130 assentior.
1960 4055 2015 4131 Ac
2037 4062 2130 4152 dico,

89 4151 174 4222 mi,
188 4147 444 4220 amangus„
458 4157 588 4232 am,
619 4169 710 4240 qm
731 4147 805 4218 iam
825 4147 958 4220 dieitur
973 4149 1085 4220 ratio.
1135 4143 1286 4213 nimium
1303 4145 1486 4215 extenuari
1501 4141 1569 4218 hoc
1588 4147 1743 4240 malum,
1772 4167 1807 4224 et
1829 4156 1915 4227 inde
1936 4153 2037 4258 ¹sequi
2058 4165 2129 4238 alia

88 4253 144 4324 uis
165 4269 323 4340 compos.
379 4247 532 4336 Morbus
555 4260 673 4320 autem
695 4248 759 4342 qni
778 4249 896 4336 adest,
933 4261 1086 4323 nonest
1135 4243 1371 4319 incommoda.
1422 4243 1514 4316 Nam
1531 4247 1562 4317 si
1578 4254 1812 4327 concedamus
1827 4257 1968 4332 nullum
1990 4287 2064 4336 esse
2089 4265 2129 4338 in

90 4351 260 4448 capitale,
295 4351 357 4425 sed
378 4349 564 4422 remissum
586 4362 622 4422 et
635 4349 875 4422 condonatum
892 4365 1085 4442 peccatum.
1136 4345 1274 4418 Sanctis
1288 4359 1480 4436 peccatum,
1506 4365 1641 4442 pugnat
1655 4352 1693 4424 id
1708 4355 1841 4427 dictum
1857 4384 1937 4432 cum
1951 4359 2127 4442 Iohanne:

90 4453 240 4534 Defluat
266 4451 376 4544 igitur
397 4451 502 4526 nobis
521 4451 679 4524 tribuere
700 4447 943 4524 Herodianam
969 4453 1085 4524 saevi·
1134 4447 1176 4520 Si
1191 4448 1397 4531 dixerimus,
1422 4453 1517 4546 quod
1531 4467 1712 4544 peccatum
1728 4481 1803 4528 non
1818 4455 2000 4552 habemus,
2025 4493 2130 4540 men„

92 4559 195 4644 fiam,
219 4567 284 4628 aut
298 4553 453 4624 vicissim
468 4551 606 4640 audiet,
631 4577 720 4650 quae
735 4576 810 4624 non
824 4555 931 4628 volet.
1136 4552 1237 4622 daces
1259 4573 1390 4624 sumus.
1448 4547 1497 4624 Et
1519 4555 1654 4627 accedit
1674 4557 1900 4650 irnagmatio,
1938 4571 2037 4661 quod
2061 4565 2129 4644 bo-

1134 4651 1248 4722 mines
1262 4651 1333 4742 legi
1345 4648 1413 4722 Dei
1428 4653 1646 4727 satisfaciant
1657 4671 1723 4734 etc.

190 4727 306 4820 8Ρειὶο
327 4749 383 4794 ¹¹¹²
399 4738 600 4844 ⁰3⁶²¹³³¹¹¹m
618 4745 691 4794 ⁰⁵⁵²
708 4723 960 4844 Pffldffllll‘mr
986 4723 1083 4842 ‘luf‘d
1134 4749 1241 4825 Dtcr·
1254 4747 1298 4823 dc
1315 4749 1503 4825 vocabulis
1520 4763 1553 4826 et
1567 4753 1687 4828 simul
1702 4759 1876 4862 respondi
1885 4761 1943 4836 ad
1957 4767 2127 4868 pustula.

96 4827 260 4902 hscutor
280 4825 510 4920 praelatione.
556 4823 648 4896 Nam
669 4821 739 4896 hoc
760 4827 988 4898 malcdrctum
1010 4827 1085 4894 drs-
1277 4853 1411 4926 nomm
1428 4848 1770 4958 gen-proposiwm’
1804 4860 1847 4935 de
1863 4863 1984 4967 culpa.
2104 4885 2107 4890 .

95 4931 259 5004 simulare
281 4949 356 4999 non
375 4927 487 5000 licuit.
537 4924 677 4998 Tribuo
698 4927 935 4999 cruditionem
949 4924 995 5002 D.
1008 4923 1085 4998 Do-

97 5033 199 5120 ctori,
224 5031 345 5102 tribuo
362 5029 467 5101 etiam
483 5029 685 5103 candorem.
736 5025 821 5100 ldeo
838 5029 991 5100 libenter
1003 5053 1086 5100 curn
1235 5019 1279 5120 δ)
1305 5021 1410 5096 Nunc
1432 5027 1477 5097 ad
1494 5051 1615 5100 rerum
1632 5031 1857 5108 definitiones
1873 5043 2011 5118 accedo.
2062 5045 2128 5117 Vi-

97 5159 134 5206 eo
155 5132 385 5226 cogitationes
406 5153 501 5200 meas
525 5130 740 5216 conferrem,
773 5131 864 5201 sicut
885 5131 981 5200 soleo
1003 5153 1084 5201 cum
1135 5127 1196 5198 det
1216 5139 1346 5196 statum
1367 5121 1475 5198 huius
1489 5134 1748 5206 controversiae
1762 5133 1807 5212 D.
1821 5135 1975 5228 Ductor,
1999 5137 2128 5217 rideli-

97 5238 232 5317 multis‚
266 5233 297 5303 si
317 5233 394 5304 sine
412 5231 524 5304 animi
540 5233 728 5302 acerbitate
742 5247 777 5304 et
792 5231 871 5304 sine
887 5227 1083 5324 Sophistica
1136 5243 1206 5314 cet,
1232 5249 1278 5298 an
1301 5240 1396 5298 recte
1417 5251 1485 5300 nos
1505 5231 1555 5302 sic
1576 5241 1820 5327 exaggeremus
1834 5257 2029 5336 peccatum.
2078 5245 2129 5324 Et

97 5339 299 5432 disputaret.
351 5331 421 5406 Sed
437 5329 613 5403 haerixae
629 5328 722 5402 nihil
737 5359 794 5403 me
811 5333 997 5415 delectant,
1020 5357 1086 5404 uec
1136 5355 1182 5400 an
1205 5329 1358 5398 nimium
1385 5344 1574 5406 extenuent
1597 5339 1820 5416 recentiores.
1881 5341 1966 5416 ldeo
1990 5352 2127 5444 quaerit

98 5456 178 5512 sunt
203 5439 312 5511 utiles
340 5437 396 5506 ad'
414 5435 721 5532 tranquillitatem.
780 5433 887 5507 Nunc
911 5435 1017 5506 venio
1040 5437 1084 5506 ad
1136 5427 1511 5505 Antithesininstitiae
1526 5436 1710 5528 originalis
1726 5455 1760 5513 et
1775 5445 1918 5534 peccati.
1968 5445 2009 5520 Si
2024 5450 2128 5522 iusti-

98 5543 203 5634 ipsius
219 5537 497 5632 responsionem.
1136 5534 1222 5605 tiam
1238 5531 1448 5624 originalem
1470 5549 1608 5609 tantum
1631 5539 1799 5633 intelligit
1821 5567 1897 5617 estc
1917 5554 2127 5642 acceptatio.

144 5649 324 5715 liutara.
337 5643 441 5710 Ores.
461 5643 546 5708 Vos.
564 5639 623 5708 lV.
1292 5631 1317 5706 5

1234 2295 1277 2392 2)
1310 2295 1422 2390 Saepe
1460 2303 1591 2394 repetit
1622 2327 1755 2377 nomen
1789 2311 1948 2404 capitalis
1982 2324 2129 2409 peccati,

1134 2399 1232 2491 quod
1261 2399 1494 2490 intelligimus
1523 2418 1704 2496 peccatum
1734 2433 1884 2500 regnans
1915 2412 1973 2514 (ut
1994 2417 2128 2494 Paulus

1134 2496 1313 2597 loquitur)
1329 2525 1391 2571 seu
1406 2499 1578 2592 originale
1593 2529 1656 2578 seu
1669 2512 1816 2586 actuale.
1867 2513 1990 2592 Toties
2006 2535 2128 2596 autem

1133 2602 1250 2674 testati
1272 2625 1411 2689 sumus,
1450 2605 1564 2677 tribui
1582 2611 1715 2682 renatis
1734 2637 1809 2686 non
1830 2639 1981 2710 regnans
2005 2647 2128 2718 pecca-

1134 2716 1226 2790 tum,
1251 2705 1313 2776 sed
1330 2707 1582 2785 condonatum.
