4764 6270
64 339 144 420 eos
235 323 245 348 ‘
624 306 1073 418 'arrsronnauu
1122 333 1360 416 sanun
1412 334 1581 418 sssr.·
2034 344 2112 420 eoo

63 529 98 590 et
119 513 285 608 amplecti
309 513 443 602 velint.¹
486 507 665 602 Quocirca
685 511 884 606 optandum
905 523 977 597 est,
1014 523 1065 596 nt,
1115 505 1261 604 siquid
1283 518 1379 584 reete
1402 534 1444 584 se
1465 509 1525 604 pie
1546 513 1868 591 determinaretur?
1913 511 2006 600 Nam
2023 515 2112 588 serl-
2174 601 2179 614 .

62 639 299 712 quaecuuque
315 610 479 706 usdoqe's
500 607 635 691 Christi
654 637 788 686 nomen
806 615 939 706 pariter
955 614 1064 687 iuvo-
1116 610 1188 682 bis:
1213 611 1395 708 quicquid.
1446 611 1688 703 Quaecontra
1704 613 1888 692 Christum
1909 617 1965 690 vel
1988 618 2027 694 in
2051 641 2112 708 ge-

61 731 166 803 csnt,
190 719 231 791 in
254 737 363 796 unam
378 717 557 812 synodum
571 717 757 792 commode
769 716 1005 802 conueniant,
1029 731 1064 790 et
1114 713 1338 786 ueralissimo
1365 717 1520 788 concilio
1546 720 1713 794 conclusa
1741 721 1893 804 manns,
1930 720 1992 790 illa
2017 733 2112 792 certe

61 821 248 898 communi
270 819 421 895 consilio
446 821 492 890 de
513 818 739 910 repurganda
762 818 925 898 doctrina
949 831 985 894 et
1005 841 1062 894 sa·
1114 815 1234 898 nulls,
1272 815 1375 892 irrita
1399 831 1435 890 et
1455 819 1578 892 inania
1602 835 1704 908 sunt3
1745 815 1781 894 ιί
1803 821 1894 916 quae
1915 824 2111 894 secundum

60 937 332 997 crementorum
342 919 651 1005 administratione
663 921 934 1016 myosandaque
953 920 1063 994 disci·
1113 918 1263 992 serbrrm
1290 921 1429 1004 donnini
1456 922 1515 992 vel
1538 923 1698 1015 privatus
1718 924 1849 1020 aliquis
1869 925 2004 996 nedum
2024 947 2111 1016 pro-
2219 1013 2224 1028 .

62 1026 166 1120 plina
178 1024 379 1100 deliberent
397 1025 614 1100 etstatussst.
662 1019 757 1096 Nam
775 1021 908 1096 eisdem
927 1022 1063 1116 ubique
1113 1019 1252 1092 vinciae
1273 1023 1337 1094 sut
1358 1021 1516 1097 nationis
1539 1023 1699 1096 alicuius
1716 1026 1911 1098 concilium
1938 1025 2112 1111 statuerit,

59 1127 423 1209 mendatorum,
465 1137 500 1200 et
521 1136 573 1199 est
591 1123 755 1203 omnium
779 1123 973 1200 electorum
993 1121 1061 1196 Dei
1113 1141 1153 1192 ea
1168 1123 1257 1194 adeo
1273 1147 1348 1194 non
1362 1125 1483 1211 nulls,
1516 1149 1590 1198 non
1606 1127 1707 1200 irrita
1720 1141 1786 1200 aut
1803 1129 1925 1200 inania
1947 1151 2021 1200 esse
2038 1151 2110 1200 un-

60 1252 137 1305 uua
156 1229 263 1314 fides,
301 1247 374 1302 uns
398 1223 577 1311 Eadem,
606 1238 648 1300 ut
670 1238 725 1298 cst
742 1249 858 1300 unum
876 1226 1062 1318 baptimus,
1111 1247 1219 1317 quam
1237 1237 1424 1318 poterunt,
1456 1239 1499 1298 nt
1512 1229 1651 1300 coelum
1666 1243 1701 1304 et
1715 1243 1846 1302 terram
1863 1233 1965 1324 prins
1978 1217 2128 1302 immo-'⁸

59 1353 136 1404 nna
154 1325 289 1404 Christi
311 1329 494 1422 professio.
535 1321 714 1406 assensn
735 1327 765 1399 si
786 1327 877 1424 aliae
898 1329 1061 1402 nationes
1112 1325 1181 1396 tari
1201 1341 1379 1418 oporteat,
1405 1351 1513 1423 mam
1535 1353 1575 1402 ea
1600 1331 1731 1406 mutari
1752 1333 1890 1425 possint
1911 1345 1974 1404 aut
1997 1333 2108 1404 inter·

57 1433 121 1504 vel
143 1434 306 1507 nourlnm
329 1427 407 1508 buc
428 1442 613 1504 vocantem
641 1428 829 1502 dominum
858 1430 1060 1514 manum
1112 1426 1240 1502 cidere.
1298 1427 1389 1504 Tam
1410 1432 1526 1503 muln·
1546 1433 1635 1509 olim
1656 1457 1722 1526 per
1742 1434 1937 1514 assumtis
1958 1435 2109 1511 concilia

59 1535 120 1604 vel
137 1533 240 1628 sequi
254 1557 360 1628 quem
375 1533 530 1608 andiunt
543 1531 681 1615 nolint,
707 1527 858 1602 debetne
880 1531 917 1604 id
936 1545 972 1606 et
992 1555 1059 1604 nos
1110 1527 1149 1603 in
1165 1527 1288 1626 Syria,
1314 1527 1482 1620 Graecia,
1505 1529 1680 1626 Apbrica,
1706 1535 1829 1622 ltalia,
1854 1535 1973 1614 Gallia
1990 1549 2026 1612 et
2039 1533 2108 1608 Hi-

58 1635 257 1720 remoraei,
283 1657 329 1704 ne
346 1635 390 1706 de
404 1634 649 1726 cognoscenda
672 1643 707 1702 et
726 1634 907 1726 sequenda
929 1634 1058 1704 volun·
1110 1632 1234 1724 spania
1249 1645 1371 1721 coptra
1385 1635 1524 1714 sutores
1539 1631 1639 1724 arii,
1662 1635 1949 1726 Donatistarum,
1974 1636 2107 1730 Pelagii

58 1751 134 1810 tate
157 1733 308 1809 Domini
336 1737 480 1808 tandem
507 1733 803 1812 conveniamusi,
823 1729 944 1806 ¹Nihil
964 1736 1058 1808 enim
1111 1745 1147 1806 et
1170 1732 1325 1806 aliorum
1358 1727 1617 1810 haeretieorum
1648 1741 1867 1820 sanctissime
1897 1741 2035 1818 decreta
2061 1741 2106 1810 de

57 1861 199 1908 novum
216 1838 457 1922 interre‚·sed
478 1837 576 1932 quod
597 1849 650 1908 est
671 1836 843 1910 traditum
862 1837 1060 1932 antiquitus
1109 1835 1270 1908 moribus
1298 1832 1480 1910 Ecclesiae
1517 1839 1750 1936 saluberrime
1785 1842 1978 1918 constituta
2011 1855 2106 1926 uma

57 1955 242 2032 repetere,
281 1934 374 2010 nibil
403 1937 757 2012 nostraauctoritate
785 1951 957 2025 statuere,
994 1941 1055 2010 scd
1110 1959 1196 2012 eane
1211 1937 1494 2028 dicestunulla,
1513 1941 1616 2014 irrita
1632 1956 1668 2016 et
1681 1945 1805 2024 inania
1820 1944 1952 2030 subse?

57 2065 189 2113 rursus
222 2040 388 2134 amplecti
420 2041 581 2136 cupimus
615 2041 710 2134 quod
742 2039 864 2114 statuit
889 2054 924 2116 et
948 2041 1059 2112 edixit
1617 2110 1621 2122 ,
2086 2093 2091 2104 .

56 2139 231 2214 Christus
254 2145 300 2216 ab
329 2141 451 2230 initio,
483 2143 651 2238 qnodque
679 2141 767 2210 adeo
794 2143 1055 2212 observandum
1209 2135 1330 2236 Atque
1343 2141 1498 2218 ebenum
1513 2145 1671 2236 prolecto
1686 2160 1721 2222 et
1744 2148 1790 2224 ab
1811 2158 1925 2222 acute
1948 2158 1984 2222 et
2003 2169 2025 2218 e
2047 2168 2104 2216 sa·

58 2239 248 2337 Apostoli,
286 2243 464 2340 Martyres
492 2257 528 2315 et
547 2241 585 2318 S.
610 2239 731 2312 Patres
757 2241 980 2330 iudicarunt,
1017 2255 1058 2316 ut
1108 2241 1242 2336 pientia
1257 2258 1317 2314 tua
1332 2260 1395 2333 est,
1420 2249 1517 2339 quod
1532 2245 1740 2321 Pontificem
1756 2265 1862 2344 caput
1876 2245 2054 2323 Ecclesiae
2070 2258 2105 2318 et

56 2343 251 2420 anathema
273 2341 446 2420 haberent
467 2345 574 2418 etiam
596 2343 761 2435 angelum
781 2341 945 2418 decocto
971 2369 1056 2420 con·
1108 2345 1343 2420 conciliorum
1364 2347 1540 2424 nominas.
1589 2346 1756 2422 Delatum
1774 2352 1919 2446 quidem
1939 2351 2028 2422 olim
2051 2363 2104 2420 est

56 2449 194 2522 vellere
208 2447 346 2544 aliquid
365 2449 409 2518 de
431 2473 473 2518 eo
497 2447 720 2532 molientem,
748 2459 783 2518 et
804 2447 913 2517 vitam
935 2461 1058 2541 tyran·
1108 2446 1184 2516 sedi
1201 2442 1407 2534 Romanae,
1440 2473 1521 2519 cum
1546 2449 1585 2520 in
1608 2475 1648 2522 ea
1672 2452 1749 2524 veri
1769 2452 1867 2526 Petri
1888 2473 2103 2524 antecessores

55 2551 116 2622 nis
140 2573 252 2644 quam
274 2549 332 2619 rel
357 2549 532 2644 apiculam
555 2549 600 2620 de
622 2571 663 2618 eo
686 2547 852 2642 cuiquam
876 2549 1057 2620 remittere
1108 2549 1289 2634 sederent,
1321 2564 1363 2623 ιιι
1383 2549 1497 2642 prima
1522 2566 1629 2640 esset,
1662 2567 1697 2624 et
1712 2550 1889 2647 Episcopo
1907 2551 2033 2644 Rom„
2062 2565 2103 2624 ut

54 2653 221 2724 mallent.
271 2647 381 2722 Decet
400 2649 544 2746 quidem
561 2649 834 2746 quodomnium
851 2649 997 2722 interest
1012 2651 1058 2724 ab
1109 2646 1203 2720 iuter
1217 2645 1434 2741 patriarchas
1450 2654 1692 2744 praerogativa
1708 2651 1923 2728 authoritate
1937 2655 2102 2748 polleret:

54 2753 430 2826 omnibuseonstitui:
459 2765 517 2839 at,
547 2753 578 2822 si
600 2749 663 2822 alii
684 2751 820 2838 nolint,
850 2751 986 2822 nemini
1004 2765 1074 2847 ta·¹
1107 2763 1144 2846 at
1164 2763 1271 2842 eaput
1298 2767 1463 2826 vocatum
1483 2751 1661 2826 Ecclesiae
1680 2769 1716 2828 et
1739 2755 1984 2830 Conciliorurn
2006 2757 2102 2848 apud

55 2879 144 2928 men
168 2857 218 2926 ob
242 2855 280 2924 id
301 2853 423 2926 licebit
446 2855 564 2926 deesse
586 2851 702 2924 officio
724 2875 808 2938 suo,
840 2855 936 2948 quod
953 2855 1057 2926 debet
1108 2875 1215 2945 quem
1230 2877 1409 2948 unquam,
1434 2867 1472 2926 te
1492 2879 1642 2948 quaeso,
1667 2855 1814 2930 Petrum
1827 2858 1965 2950 legisti?
2004 2854 2101 2946 Ergo

54 2955 245 3032 Servatori
269 2979 334 3030 suo
355 2969 390 3028 et
402 2951 579 3027 Ecclesiae
593 2951 678 3026 Dei:
712 2955 849 3026 nemini
870 2956 1057 3047 negligere,
1107 2977 1153 3024 ne
1166 2953 1234 3026 ista
1248 2949 1367 3028 adhue
1380 2957 1419 3028 in
1435 2968 1531 3031 tanta
1545 2954 1733 3049 Evangelii
1749 2961 1827 3032 lnce
1841 2962 2003 3032 omnium
2022 2959 2102 3029 ani-

55 3061 157 3156 quod
179 3057 349 3130 dominus
364 3057 521 3129 iniunxit
535 3057 725 3144 omuibus,
755 3069 791 3127 et
810 3055 887 3128 sine
908 3081 979 3152 quo
998 3081 1057 3127 re-
1107 3077 1185 3126 mos
1201 3069 1235 3127 et
1251 3059 1483 3130 conscientias
1499 3071 1570 3129 tam
1587 3063 1715 3132 acriter
1730 3063 1879 3134 feriente
1890 3064 2019 3134 iactare
2035 3085 2101 3131 au·

53 3161 171 3234 tineri
192 3159 304 3251 gratia
326 3158 396 3232 Dei
416 3181 490 3232 non
511 3171 637 3252 potest.
702 3157 809 3230 Nulla
835 3159 932 3229 enim
958 3157 1055 3232 tanta
1107 3157 1221 3228 detis?
1269 3154 1435 3234 Christus
1450 3185 1544 3234 unus
1559 3175 1595 3234 et
1614 3164 1712 3238 solus
1726 3159 2030 3256 Ecclesiae-capul
2050 3177 2102 3236 est
2156 3153 2171 3166 ⁴

54 3267 156 3336 inter
171 3259 335 3333 homines
350 3259 496 3333 societas
512 3285 585 3332 esse
599 3273 733 3353 potest,
761 3273 804 3332 ut
823 3257 868 3334 sit
887 3257 1054 3354 cuiqnam
1106 3269 1141 3330 et
1166 3273 1287 3332 manet
1316 3261 1356 3332 in
1387 3275 1589 3350 aeternnm;
1626 3262 1760 3338 Paulus
1783 3280 1922 3352 antem,
1956 3262 2101 3357 Apollo,

54 3387 167 3438 causa
200 3365 378 3436 sociorum
409 3363 644 3434 offendendus
669 3359 767 3434 Deus
796 3375 833 3434 et
857 3361 1056 3437 abiicienda
1106 3353 1245 3452 Cepbss
1257 3361 1413 3439 ministri
1428 3361 1608 3438 Ecclesiae
1621 3379 1718 3442 sunt.
1766 3363 1817 3442 Et
1837 3381 1876 3443 tu
1899 3381 1970 3440 tam
1995 3366 2101 3444 dissi-

53 3469 132 3540 cita
156 3479 312 3540 merua.
371 3462 469 3537 Istud
493 3479 611 3538 antem
635 3487 703 3535 nos
725 3477 821 3537 certo
849 3465 1056 3552 sacemrnus,
1106 3461 1227 3534 milem
1241 3457 1299 3534 his
1314 3458 1497 3540 bominem
1511 3480 1659 3562 propter
1670 3481 1880 3562 usurpatum
1900 3469 2045 3542 titulum
2067 3479 2103 3540 et

54 3573 84 3644 si
107 3571 151 3640 in
172 3567 342 3640 confessis
358 3565 527 3640 abusibus
540 3579 574 3638 et
590 3565 690 3638 vitiis
704 3589 927 3660 perseverare
945 3565 1056 3638 velle-
1106 3563 1362 3638 successionem
1378 3567 1472 3640 sedis
1485 3563 1627 3660 Cephae
1641 3583 1747 3664 caput
1760 3565 1939 3642 Ecclesiae
1954 3585 1989 3642 et
2002 3567 2101 3644 Cou-

52 3695 139 3744 mns
161 3683 367 3762 propterea,
403 3671 498 3766 qrrod
524 3667 615 3743 aliae
636 3669 800 3742 nationes
822 3663 952 3740 bonnm
975 3693 1055 3741 eor·
1104 3663 1270 3738 ciliorum
1290 3668 1406 3742 lacere
1425 3671 1561 3744 audes?
1592 3673 1764 3760 maxime,
1795 3697 1876 3746 cum
1896 3675 1985 3746 adeo
2006 3667 2101 3742 nihil

53 3775 275 3856 rectionem,
314 3771 372 3842 vel
400 3771 461 3844 sui
487 3769 546 3842 vel
570 3769 724 3842 aliorum
747 3783 809 3842 ant
832 3769 1055 3862 ignoratione
1102 3767 1226 3850 rbem
1251 3773 1348 3863 quod
1363 3773 1421 3843 rel
1433 3771 1676 3845 ministerialis
1693 3775 1817 3868 capitis
1831 3776 1895 3862 sit,
1916 3771 2101 3846 adEecle-

51 3891 119 3948 eut
134 3873 329 3966 cupiditate
346 3873 551 3966 impeditae,
575 3869 772 3948 differrent.
818 3869 972 3945 Possunt
986 3874 1054 3962 igi·
1104 3869 1179 3940 sias
1197 3887 1399 3964 permanet,
1428 3877 1489 3946 sed
1511 3877 1688 3948 cornaria
1712 3878 1845 3952 omnia.
1899 3873 1949 3949 Et
1971 3879 2011 3948 in
2034 3873 2100 3946 bae
2248 3872 2253 3880 '

52 3993 118 4050 tur
140 3975 221 4047 iure
244 3971 437 4048 dedebent
459 3975 577 4044 officio
600 3985 636 4044 et
652 3971 827 4046 Gennani
847 3987 882 4046 et
904 3975 1054 4068 quilibet
1105 3971 1180 4064 ipsa
1199 3995 1306 4044 causa
1328 3977 1413 4047 side
1435 4001 1541 4070 qnam
1566 3978 1659 4048 male
1683 3979 1805 4050 landes
1826 3993 1928 4052 tuum
1948 3977 2099 4048 Pontifi-

51 4079 119 4150 alii
152 4077 299 4170 poputt,
343 4073 554 4170 simulatque
585 4075 720 4170 aliquid
752 4075 791 4146 irs
821 4075 1054 4167 religionibus
1105 4097 1193 4148 cers.
1243 4071 1381 4148 blansi
1404 4079 1648 4150 molestissime
1671 4081 1807 4152 laturus
1830 4095 1900 4165 est,
1932 4080 1961 4148 si
1986 4081 2100 4171 pinet

50 4181 154 4274 apud
173 4201 210 4250 se
226 4171 388 4250 vitiatum
406 4175 654 4268 cogssoverint,
677 4199 784 4272 quam
802 4177 1051 4270 primumcum
1105 4176 1300 4248 mcessssia
1314 4177 1354 4248 in
1371 4193 1491 4258 nostm
1508 4180 1655 4252 natione
1667 4185 1825 4278 synodus
1839 4177 2028 4266 habeatur,
2050 4181 2099 4252 itu

51 4281 340 4376 provincialibus
354 4294 432 4352 tum
452 4279 695 4350 nationalibus
717 4279 880 4374 synodis,
911 4291 946 4352 et
966 4305 1053 4372 quu-
1105 4277 1361 4350 utinstitutuns
1377 4295 1448 4368 est,
1473 4283 1646 4376 adquam
1669 4305 1744 4354 rem
1769 4306 1894 4374 urgere
1915 4285 1977 4354 ille
1998 4305 2100 4354 cram·

53 4405 204 4476 cunque
224 4383 367 4454 demum
393 4382 449 4452 via
470 4393 504 4450 et
520 4383 657 4452 ratione
675 4382 896 4452 commodius
914 4395 1054 4476 queant,
1105 4377 1229 4470 primis
1243 4381 1415 4470 debebat,
1446 4407 1541 4456 anne
1556 4409 1724 4477 quaerere
1737 4389 1874 4468 studet,
1903 4409 1993 4479 quae
2015 4407 2099 4454 oves

52 4502 96 4558 ιιι
115 4485 152 4556 id
170 4499 332 4570 martur,
363 4495 398 4556 et
419 4483 457 4556 in
472 4477 639 4554 Ecclesiis
654 4479 774 4554 omnia
790 4483 925 4554 sincera
943 4497 979 4552 et
995 4481 1052 4552 in·
1102 4476 1238 4552 Christi
1260 4483 1495 4572 aberrarant,
1534 4487 1692 4576 obligare
1715 4511 1805 4580 quae
1824 4488 1960 4582 aliquid
1985 4487 2099 4576 trege-

52 4605 155 4678 tegra
178 4585 253 4660 sint
272 4598 311 4656 et
331 4597 608 4670 conserventur,
641 4607 817 4660 summam
840 4607 961 4656 curam
985 4586 1053 4656 im-
1104 4581 1216 4654 runt?
1248 4587 1475 4674 confirmare,
1507 4611 1596 4680 quae
1621 4589 1756 4658 debiles
1778 4589 1886 4660 sunt?
1936 4587 2005 4662 Sed
2024 4613 2099 4658 ιιιε-

51 4691 227 4786 pendere.
275 4685 356 4760 Hoc
372 4701 408 4760 et
424 4688 516 4758 veris
526 4679 565 4782 ³)
578 4683 786 4758 Canonibus
803 4685 853 4758 ita
867 4683 1053 4770 sancitum,
1104 4707 1240 4756 morem
1261 4709 1460 4762 memus.
1520 4685 1698 4760 Dominus
1722 4687 1819 4760 lesus
1841 4689 2014 4780 largiatur
2035 4703 2098 4760 usu

50 4807 88 4864 et
113 4816 134 4862 a
156 4787 288 4863 sanetis
308 4787 394 4875 olim
415 4786 582 4862 Patribus
603 4786 805 4878 religiosiss.
827 4790 1051 4861 observatum
1104 4786 1206 4856 vobis
1231 4787 1300 4858 alia
1330 4791 1515 4860 consulere
1543 4803 1606 4861 snt
1632 4790 1780 4872 nostris,
1823 4815 1869 4862 ne
1891 4794 1957 4864 ista
1982 4805 2097 4864 vestra

52 4909 122 4970 est.
175 4890 278 4982 Quae
297 4913 380 4964 curn
398 4913 474 4962 non
492 4890 652 4980 ignores,
677 4880 901 4970 Conlucent,
928 4891 1052 4960 admo-
1103 4887 1251 4960 consilia
1276 4905 1486 4984 sequantur:
1520 4891 1775 4986 confirmetque
1800 4915 1877 4976 eos,
1910 4907 1968 4976 nt,
1998 4894 2095 4988 qnod

52 4999 145 5068 dum
169 4995 268 5064 dolet
291 4993 414 5078 nobis,
445 4991 543 5086 qnod
567 4990 721 5065 scribere
743 4991 812 5062 tibi
834 4991 1051 5083 permiseris:
1103 4989 1161 5080 pie
1184 5003 1219 5060 et
1237 4994 1434 5064 necessario
1455 5007 1735 5087 proposuerunt,
1766 4995 1802 5064 id
1827 4995 1932 5068 etiem
1956 4994 2098 5066 sortiter

52 5093 1051 5196 quicquidinnationisuostraesynododeterminaretur,
1104 5091 1302 5182 perficiant,
1333 5107 1373 5166 ut
1393 5099 1534 5168 undem
1558 5089 1665 5166 buius
1687 5094 1845 5168 nationis
1866 5109 1987 5166 sancto
2010 5120 2097 5167 cun-

53 5204 91 5272 id
113 5201 275 5270 futurum
293 5197 455 5284 nullum,
489 5195 632 5266 irritum
652 5208 689 5266 et
708 5195 826 5270 inane.
875 5191 1052 5280 Etiamne,
1103 5191 1187 5262 cilio
1202 5189 1372 5264 Ecclesiis
1386 5197 1516 5270 nostris
1531 5195 1728 5268 etidoneos
1740 5196 1942 5284 ministros,
1971 5209 2006 5268 et
2029 5221 2097 5290 pu·

1102 5317 1179 5363 ram
1195 5295 1413 5380 doctrinam,
1446 5313 1482 5372 et
1497 5319 1616 5368 veram
1634 5313 1932 5370 sacramentorum
1952 5299 2096 5392 dispen-

1102 5395 1276 5468 sationem
1292 5399 1557 5494 'salutaremque
1578 5399 1803 5492 disciplinam
1826 5399 2009 5474 restituere
2030 5425 2097 5470 an-

87 5537 122 5608 a,
142 5531 305 5590 uerus
1102 5496 1274 5576 nitantur.
1322 5495 1415 5572 Nam
1429 5525 1450 5574 a
1464 5499 1584 5577 Roma
1605 5501 1693 5596 quid
1714 5503 1968 5595 expectendum
1991 5503 2098 5576 nobis

52 5395 268 5418 ψ
