4760 6262
73 366 148 444 41⁷
623 363 1071 446 urts'robattuu
1120 363 1386 448 mittut..
1417 365 1549 448 test.
1724 431 1726 436 .
2037 377 2112 455 lid

71 543 237 636 inaquam
268 541 381 613 otium
410 542 570 617 turbari·
617 537 704 614 Noti
736 556 820 614 sunt
843 543 915 612 mei
940 561 1067 616 mores.
1118 555 1239 636 aperte
1254 541 1342 614 dicit
1357 543 1537 630 articulus,
1557 559 1721 642 renatum
1736 571 1811 618 non
1824 550 2020 622 satisfacere
2033 553 2114 644 legi,

72 641 206 714 l’ersor
220 644 258 714 in
274 638 456 716 baccama
474 644 551 714 sine
567 645 912 739 eupiditatealiqua,
937 657 973 715 et
993 647 1067 714 for·
1120 657 1155 716 et
1174 667 1251 715 non
1271 645 1435 738 possein
1458 640 1526 716 bac
1549 647 1845 725 vitasatisfacere.
1896 649 2003 737 ltem,
2028 653 2116 724 reli-¹

68 757 161 816 tasse
175 746 363 840 aliquanto
376 747 458 840 plus
473 747 550 818 odii
570 761 607 818 et
627 769 878 818 aerumnarum
899 745 1078 844 sustineo,
1119 769 1230 843 quum
1245 769 1319 818 esse
1334 759 1516 840 peccatum
1539 749 1578 818 in
1602 751 1749 838 sanctis,
1781 765 1815 824 et
1833 757 2013 848 quomodo
2036 757 2114 848 ple-

69 871 179 942 qnam
194 847 259 918 alii
273 849 390 922 multi.
440 845 618 944 Equidem
630 843 673 944 ²¹)
689 844 839 920 adhibui
855 847 1069 920 moderatio·
1119 863 1194 922 ccat
1208 843 1374 920 inchoata
1395 849 1611 927 obedientia.
1662 849 1768 938 ltem,
1791 857 1896 950 quale
1907 852 1950 952 ²²)
1970 857 2114 930 sit'me

69 973 176 1036 nem,
212 975 322 1046 quam
344 949 499 1024 iudicavi
521 951 646 1024 utilem
668 973 741 1022 esse
762 952 862 1022 etad
884 951 1067 1022 veritatem
1118 949 1248 1037 ritum,
1274 949 1371 1046 quod
1387 965 1533 1038 vocant,
1555 955 1600 1023 de
1616 955 1806 1045 condigno.
1857 955 1955 1028 llaec
1973 981 2113 1032 necesse

68 1051 337 1143 explicandam,
369 1066 405 1126 et
428 1055 473 1126 ad
494 1051 787 1146 tranquillitatem
798 1049 1067 1140 ⁴Ecclesiarum:
1119 1067 1172 1124 est
1186 1053 1291 1134 addi,
1322 1069 1363 1124 nt
1378 1055 1538 1124 doctrina
1555 1079 1635 1125 cum
1651 1057 1696 1126 de
1710 1057 1778 1128 fide
1792 1071 1869 1128 tum
1884 1061 1929 1130 de
1944 1061 2112 1154 operibns

1 1234 2 1242 ἵ
67 1155 149 1224 ideo
172 1178 281 1246 rogo,
310 1169 432 1248 ntea,
463 1179 554 1250 quae
575 1156 675 1242 dico,
698 1155 903 1244 existimetis
924 1179 983 1228 me
1005 1155 1065 1248 pio
1119 1169 1213 1226 recte
1228 1155 1456 1245 intelligatur.
1504 1152 1723 1238 †Praeterea
1738 1159 1808 1228 iarn
1827 1175 1910 1232 sunt
1925 1157 1984 1231 lric
1999 1165 2112 1236 editae

66 1257 227 1350 quodam
244 1257 362 1330 studio
375 1257 504 1334 dicere.
1119 1257 1381 1350 propositiones
1396 1257 1570 1328 absurdae
1586 1273 1619 1330 et
1634 1259 1813 1348 rabiosae,
1837 1283 1928 1358 quac
1941 1259 2038 1337 hunc
2054 1291 2111 1338 ar-

169 1389 278 1466 Nune
292 1392 374 1488 qun
390 1387 593 1488 r0321n22),
632 1405 673 1464 aa
697 1391 802 1462 actam
826 1393 871 1461 aa
894 1390 989 1462 traso
1012 1387 1068 1458 aa
1119 1359 1269 1430 titulum
1285 1359 1410 1430 dsfide
1425 1373 1542 1452 spana
1556 1362 1801 1454 mrumst·

66 1489 222 1588 samu),
245 1517 293 1564 an
308 1495 534 1588 reeipiendus
547 1494 616 1566 sit?
648 1507 709 1564 ant
724 1494 904 1588 quonmdo
918 1513 1069 1582 respon-
1220 1489 1263 1562 lu
1280 1488 1429 1564 articulo
1447 1493 1490 1563 de
1503 1489 1662 1564 Ecclesia
1684 1493 1916 1582 damnantur,
1946 1497 1974 1570 si
1984 1495 2029 1597 ¹⁸)
2050 1503 2111 1596 qui

67 1599 234 1668 dendnsn
254 1597 301 1668 sit
317 1593 596 1690 Imperatori²⁴):
628 1595 785 1689 primum
802 1595 933 1666 iterum
949 1606 1069 1679 testor,
1119 1593 1355 1665 discesserunt
1379 1619 1400 1665 a
1424 1589 1598 1690 malis²⁹);
1641 1621 1707 1667 nec
1740 1597 1885 1670 additur
1909 1601 2113 1690 discrimen,

67 1723 128 1768 me
145 1693 244 1768 nibil
264 1701 501 1792 praescribere
525 1699 617 1772 aliis.
667 1695 724 1770 Sit
744 1719 848 1768 suurn
872 1697 999 1790 cuique
1020 1695 1067 1764 li-
1119 1695 1183 1765 ubi
1198 1695 1397 1784 discedere,
1419 1697 1483 1766 ubi
1495 1698 1761 1768 nondiscedere
1775 1701 1889 1774 liceat.
1938 1699 2113 1776 lbietiam

66 1803 198 1870 berum
219 1799 411 1886 iudicium,
450 1800 602 1872 maxime
629 1799 732 1870 vobis
762 1798 1069 1889 gubernatoribus,
1119 1797 1409 1868 diciturvinculo
1426 1799 1627 1870 dilectionis
1643 1801 1816 1872 unitatem
1833 1799 2011 1875 Ecclesiae
2027 1829 2114 1877 con·

70 1903 186 1996 quiet
202 1917 338 1974 vestrae
360 1917 395 1974 et
415 1903 607 1974 multarum
628 1901 786 1991 gentium
808 1900 917 1974 saluti
939 1921 1069 1972 consu·
1119 1899 1270 1986 serrari,
1306 1913 1340 1972 et
1363 1913 1484 1992 postea
1507 1901 1545 1970 in
1569 1903 1797 1998 sequentibus
1821 1905 1979 1977 articulis
2001 1908 2113 1978 inter-

69 2003 143 2074 iere
157 2003 306 2076 debetis.
355 2001 410 2076 De
426 2027 482 2074 me
498 2003 663 2096 privatim
679 2004 807 2078 dicam.
1119 2015 1305 2095 pretentur
1319 1995 1388 2072 hoc
1402 2003 1603 2074 vinculum:
1637 2006 1876 2078 obedientiam
1896 2008 1933 2076 in
1951 2011 2114 2082 traditio-

172 2135 367 2232 Nunquam
389 2137 556 2230 recipiam
580 2157 639 2206 eos
661 2137 829 2208 articulos
850 2138 953 2224 libri,
979 2159 1069 2232 quo,
1119 2104 1237 2224 nibus.
1295 2103 1336 2176 Si
1357 2099 1425 2174 boc
1446 2129 1552 2178 sensu
1573 2105 1762 2180 articulum
1787 2109 2015 2204 recipiemus,
2048 2137 2113 2183 nos

69 2233 386 2334 reprebendimus,
419 2239 502 2334 quia
521 2253 604 2310 sunt
619 2239 716 2332 pleni
734 2263 895 2310 errorum
905 2261 954 2309 ac
968 2241 1068 2310 frau-
1120 2230 1214 2300 ¹P⁸⁰³
1231 2207 1559 2278 ⁰⁰⁰d⁸¹⁰¹¹³bim¹¹⁵·

69 2345 177 2414 dum:
212 2363 254 2412 ac
274 2341 393 2412 iudico
415 2365 506 2412 ame
523 2343 636 2413 multo
651 2337 820 2438 lenius²⁵)
834 2353 968 2412 taxatos
984 2361 1068 2422 esse,
1223 2339 1266 2412 lu
1288 2341 1439 2412 articulo
1462 2341 1508 2412 de
1530 2331 1746 2435 poenitentia
1765 2343 1832 2427 ait,
1873 2343 2114 2416 mortificatio-

69 2467 181 2540 qnam
200 2444 409 2536 magnitudo
432 2467 615 2514 causarum
636 2444 850 2536 postulabat.
909 2441 992 2512 Non
1014 2443 1069 2512 vi·
1121 2465 1203 2514 nem
1225 2443 1409 2514 continere
1430 2444 1687 2516 confessionem
1707 2457 1742 2516 et
1763 2445 2036 2516 satisfactionem
2057 2471 2115 2518 ca-

69 2549 140 2622 deo
161 2559 301 2632 autem,
335 2546 421 2640 qnid
442 2545 535 2616 liber
556 2545 728 2616 allaturus
753 2547 799 2616 sit
827 2545 999 2615 momenti
1024 2545 1069 2614 ad
1122 2543 1350 2634 stigatoriam.
1400 2541 1490 2618 Cum
1510 2559 1631 2640 postea
1652 2548 1697 2616 de
1717 2547 1937 2618 confessione
1959 2561 1993 2620 et
2015 2551 2117 2620 satis-

68 2647 516 2738 publicamconcordiam,
538 2648 610 2718 nisi
625 2659 721 2718 totus
734 2647 937 2738 recipiatur.
978 2643 1070 2716 Nam
1122 2645 1275 2718 factione
1298 2659 1436 2718 nostras
1452 2648 1643 2720 sententias
1659 2649 1945 2741 opposuerimus,
1978 2675 2117 2722 necesse

69 2745 113 2820 bi
136 2749 207 2844 ipsi
229 2749 371 2820 articuli
393 2750 432 2818 in
454 2749 567 2835 libro,
603 2749 633 2818 si
653 2749 914 2842 publicabitur,
947 2769 1071 2818 accen·
1123 2747 1190 2819 erit
1206 2742 1299 2818 hanc
1313 2761 1448 2840 partem
1464 2749 1570 2824 demi.
1620 2745 1672 2822 Et
1690 2773 1752 2842 per
1775 2773 1813 2820 se
1834 2751 2029 2824 absurdum
2054 2767 2117 2836 est,

69 2853 165 2924 dent
177 2875 273 2922 nova
288 2865 322 2924 rt
337 2851 494 2942 ingentia
511 2852 714 2926 certamina.
765 2849 905 2922 Deinde
925 2871 945 2920 a
966 2848 1072 2918 nobis
1123 2850 1255 2940 fingere
1269 2864 1385 2942 partes
1407 2873 1481 2922 esse
1501 2851 1784 2922 mortificationis
1804 2853 2060 2924 confessionem
2085 2869 2125 2942 et⁴

69 2955 252 3049 quaedam
267 2953 453 3046 praeterita
466 2965 549 3024 snnt
561 2967 708 3048 propter
730 2975 826 3044 spem
851 2951 1072 3036 concordiae,
1124 2952 1410 3038 satisfactionem,
1430 2977 1510 3024 essm
1526 2953 1748 3026 mortificatio
1764 2954 1810 3026 sit
1824 2979 1913 3048 opus
1928 2955 2126 3048 spirituale,

69 3059 118 3126 de
134 3055 269 3152 quibus
281 3067 400 3126 tamen
416 3055 571 3126 diximus
591 3057 676 3150 quid
703 3053 902 3140 videretur,
936 3053 1072 3126 etiarnsi
1124 3055 1297 3126 confessio
1320 3069 1354 3126 et
1377 3055 1567 3126 satisfactio
1591 3055 1663 3126 sint
1678 3077 1785 3146 opera
1802 3057 2034 3130 traditionum
2053 3053 2120 3130 bu-

71 3183 151 3230 non
164 3157 399 3251 pugnaverim
409 3151 474 3252 ²⁸),
500 3170 540 3229 ut
556 3160 664 3228 verba
679 3157 931 3230 scriberentur.
981 3151 1073 3236 †De
1124 3181 1322 3232 manarum.
1380 3155 1518 3228 Scimus
1544 3171 1681 3242 autem,
1724 3180 1892 3248 magnum
1921 3161 2013 3232 inter
2036 3155 2120 3232 baec

71 3257 131 3332 his
150 3283 294 3332 neceas
308 3260 377 3330 erit
392 3260 609 3330 mentionem
625 3258 737 3330 fieri.”
1027 3255 1034 3260 ’
1124 3258 1315 3328 discrimen
1333 3281 1417 3332 esse.

177 3389 262 3466 Non
278 3393 542 3464 concedendum
556 3393 643 3478 erit,
668 3407 709 3464 ut
723 3393 943 3464 confirmatio
956 3403 991 3460 et
1003 3413 1075 3460 un·
1224 3373 1363 3448 E0d0m
1388 3377 1484 3462 ¹⁰⁰⁰,
1514 3390 1555 3448 ¹¹2
1576 3377 1695 3447 fumi
1716 3392 1892 3448 Wlfflin?
1916 3379 2123 3452 satisfactio-

72 3497 143 3568 ctio
169 3495 337 3568 dicantur
357 3495 562 3566 infallibilia
584 3496 683 3584 signa
704 3495 847 3586 gratiae.
899 3491 1000 3584 Quae
1023 3504 1074 3562 est
1125 3501 1203 3563 ¹¹0⁸,
1226 3474 1687 3552 cllalflrpflulusssscffl·
1730 3475 1803 3550 Ubi
1821 3480 1859 3548 5¹¹
1878 3481 1948 3550 ³¹5⁰
1967 3478 2123 3577 sensu⁵⁰)

72 3597 296 3686 absurditas,
320 3591 386 3667 bos
401 3597 490 3670 ritus
510 3621 660 3691 aequare
675 3596 851 3688 baptismo
869 3607 1074 3686 autcoenae
1125 3581 1256 3672 legitur
1268 3603 1400 3650 nornen
1415 3579 1664 3650 satisfactionis
1679 3579 1717 3647 in
1735 3583 1887 3674 quadam
1905 3582 2078 3656 versione.

73 3699 242 3772 domini?
285 3699 386 3795 quasi
416 3701 567 3770 similem
603 3699 874 3792 promissionem
909 3692 1074 3768 habeant.
1225 3711 1280 3786 De
1303 3713 1530 3784 ,aeramentis
1556 3725 1650 3784 recte
1675 3713 1802 3786 dicunt
1826 3711 1884 3811 (ut
1908 3709 2010 3811 nos),
2052 3739 2124 3784 non

75 3803 117 3872 ln
144 3805 225 3874 l0t0
247 3803 291 3874 fle
313 3803 475 3872 llbel'lr'lle
495 3801 688 3871 voluntatis
710 3825 774 3870 llos
791 3799 995 3870 addidimus
1009 3821 1075 3868 an·
1126 3811 1284 3908 m0d0³¹)
1300 3839 1364 3908 per
1378 3839 1418 3886 ea
1438 3814 1626 3906 SlngfiCdrl
1643 3816 1793 3904 gratiam
1804 3870 1815 3900 ἱ
1840 3819 1899 3886 sed
1919 3817 2025 3888 etiam
2044 3839 2126 3888 gan.

75 3907 300 3977 ¹¹⁰l³ll⁰¹¹⁰m
321 3899 402 3986 lde
424 3903 632 3994 ἱΜΡῙθῑῖθΜ
654 3899 766 3993 legis*
790 3901 1011 3996 “Pudlai‘lm
1029 3901 1076 3972 ‘lb
1127 3919 1273 3992 ctificari
1296 3913 1470 3988 homines.
1535 3915 1605 3988 Sed
1628 3911 1687 3985 hic
1717 3941 1877 4010 expresse
1907 3919 2000 4010 apud
2033 3921 2127 4012 ipsos

76 4003 212 4094 Eecio,
245 4028 335 4100 quae
352 4017 468 4076 tamen
484 4003 553 4074 nisi
570 4019 705 4098 recepta
725 4017 758 4074 et
773 4003 941 4098 explicata
957 4001 1076 4088 fuerit,
1106 4013 1296 4092 papatum
1312 4041 1467 4090 morem
1482 4019 1594 4090 taxari
1610 4019 1789 4110 oportuit,
1822 4021 1918 4114 quod
1933 4019 2011 4102 fin
2025 4021 2127 4090 adul.

76 4125 147 4182 tuta
165 4131 223 4180 res
240 4119 424 4180 evertetur·
1127 4123 1173 4194 tis
1195 4119 1326 4192 etiam''
1351 4133 1476 4214 putant
1502 4143 1540 4190 ca
1558 4143 1599 4190 cr
1616 4143 1723 4212 opere
1739 4135 1883 4213 operato
1898 4123 2047 4211 gratiam
2064 4123 2128 4192 ad-

177 4240 365 4314 Postremo
390 4241 427 4310 in
452 4237 650 4312 conciliatis
671 4241 782 4310 multa
809 4253 893 4312 sunt
916 4239 1077 4322 obscura,
1127 4225 1231 4295 serre·

77 4345 252 4440 quaedam
280 4343 386 4414 etiam
410 4343 664 4412 contumeliosa
686 4343 854 4412 adversus
879 4361 960 4410 nos:
995 4341 1075 4410 ideo
1227 4339 1319 4413 Cum
1337 4334 1497 4436 igitnr'²)
1521 4337 1561 4408 in
1581 4337 1738 4410 articulis
1762 4339 1826 4432 qui
1846 4337 2017 4410 dicuntur
2041 4363 2126 4409 con-

77 4471 150 4536 non
166 4443 318 4516 dubium
334 4455 402 4530 est,
427 4444 516 4538 quin
531 4444 634 4515 multi
652 4467 693 4512 ex
709 4443 840 4513 nostris
857 4465 916 4514 eos
933 4441 1005 4513 sint
1018 4465 1077 4512 rc·
1128 4443 1239 4516 ciliati
1254 4455 1387 4514 restent
1411 4441 1583 4536 quaedam
1606 4430 1828 4510 emendanda
1852 4453 1886 4512 et
1909 4441 2127 4533 explicanda,

78 4545 274 4642 pudiaturi.
326 4543 368 4616 ln
383 4547 461 4616 loco
476 4549 520 4615 de
541 4545 787 4616 iustificatione
811 4545 882 4615 scio
904 4543 992 4638 qnid
1014 4543 1076 4614 alii
1127 4569 1203 4616 non
1216 4567 1361 4638 possum
1381 4543 1614 4636 comprobare
1637 4537 1843 4635 librum'³),
1870 4541 1941 4614 nisi
1965 4537 2021 4614 bis
2041 4543 2126 4614 locis

79 4645 391 4754 reprehenderint,
422 4651 567 4740 sedcgo
584 4647 652 4718 alia
668 4647 840 4719 desidero.
891 4643 1074 4742 Nusquam

82 4889 283 4903 ···-·······
1162 4863 1208 4934 27)
1227 4861 1300 4917 Item
1314 4863 1409 4932 quale]
1423 4859 1484 4917 eod.
1497 4857 1568 4918 Gall.
1582 4857 1641 4914 Nee
1653 4861 1786 4926 mutem,
1808 4861 1878 4928 quid
1889 4863 1925 4914 sit
1940 4861 2124 4914 sentiendum.

112 5137 160 5204 εἶ)
177 5139 298 5206 mall]
312 5135 374 5192 ωδ·
386 5131 460 5190 ⁶⁸¹¹·
472 5135 632 5204 'mlum'
1161 5166 1208 5236 80)
1224 5171 1321 5235 sensu]
1339 5161 1655 5220 coemiteriorum.

113 5231 576 5307 memonasterium.
1161 5261 1623 5336 ,nmfflfflffiffiqmm

114 5343 160 5410 ff)
178 5341 385 5410 usquemodo
397 5347 450 5394 etc.
463 5353 520 5392 ron
533 5333 612 5390 babet
624 5331 685 5390 eod.
699 5327 773 5390 Gall.
1159 5365 1209 5439 ῃ)
1226 5365 1288 5422 pu·
1302 5363 1373 5420 cm
1385 5377 1463 5432 ‘'8⁰-

114 5447 159 5516 ἥ)
175 5447 278 5514 im]
291 5441 353 5500 ωδ·
367 5437 443 5496 ‘bn'
455 5439 554 5492 mm
1160 5466 1206 5536 fd)
1225 5483 1284 5520 non
1297 5479 1414 5533 pamm
1428 5465 1494 5528 ete]
1508 5459 1572 5518 eod.
1584 5455 1657 5514 Gall.
1675 5475 1725 5512 nec
1744 5475 1809 5512 eom
1830 5459 1896 5514 ls'dn'
1909 5469 2023 5525 partem
2040 5479 2117 5517 rom.

115 5549 160 5622 ὃ)
180 5547 251 5604 cod.
262 5543 335 5600 Gall.
348 5547 404 5600 etsr'
414 5559 472 5598 non
481 5539 678 5610 warinus.
1191 5537 1317 5604 protam
1328 5547 1455 5600 mesum.

83 5629 260 5696 stream.
276 5625 378 5692 Orsa.
406 5623 489 5688 Vos.
505 5617 562 5686 IV.
1241 5609 1292 5682 27
