4856 6266
305 357 377 434 107
736 300 747 322 “
861 345 1297 431 sersaonannu
1346 347 1456 460 nm.
1487 349 1591 432 vna
1643 347 1776 433 1541.
2265 351 2340 428 roc
2417 429 2418 432 ,

301 526 532 622 opinionibus
544 523 795 622 superstitiosis
807 523 937 602 sinant.
976 521 1074 598 Haec
1090 543 1172 618 pars
1188 525 1293 596 etiam
1345 525 1552 616 obiurgatus
1585 535 1682 596 esta
1712 525 1856 598 caeteris
1887 524 2124 617 gravioribus,
2163 539 2198 596 et
2228 523 2340 616 ipsius
2417 521 2418 542 ¹

301 625 393 702 mibi
414 629 583 722 cogitanti
602 625 731 702 horum
747 643 947 720 temporum
962 627 1119 720 pericula
1134 627 1294 720 dolorem
1344 629 1458 698 menti
1487 622 1575 698 baec
1606 627 1788 698 mollities·
1803 629 1936 702 vulnus
1968 626 2100 700 inflixit
2131 625 2341 698 insanabile.

301 731 411 809 auxit.
467 727 654 804 Accedunt
676 730 774 802 enim
794 731 840 803 ad
862 743 997 802 veteres
1016 725 1204 821 Evangelii
1228 724 1295 799 bn-
1344 727 1458 805 Porro
1488 729 1533 801 ad
1561 727 1856 822 tranquillitatem
1884 731 1972 802 adeo
1999 710 2094 798 nibil
2115 728 2253 820 profuit
2276 727 2340 800 illa

301 848 370 906 stes
387 829 456 904 hoc
471 846 629 928 tempure
645 833 749 917 novi,
781 831 862 926 qui,
888 845 930 904 ut
945 831 994 902 ita
1011 831 1144 918 dicam,
1170 832 1209 900 in
1226 855 1295 900 no·
1345 827 1534 923 sophistica
1549 829 1770 918 conciliatio,
1798 846 1839 904 ut
1857 845 1976 924 postea
1992 831 2106 902 multo
2120 829 2239 902 nnius
2255 827 2341 900 inda

299 935 384 1008 stris
406 935 527 1006 castris
549 933 655 1006 nobis
680 933 828 1004 insidias
851 945 1005 1006 struunt.
1068 931 1153 1004 Non
1177 933 1295 1024 potuit
1345 947 1523 1004 certamen
1552 931 1730 1006 exarserit
1790 932 1903 1026 Saepe
1930 932 2110 1004 ecclesiam
2135 926 2342 1024 prophetae,

299 1051 534 1129 mergentem
553 1032 742 1126 Evangelii
767 1035 883 1106 lucem
908 1036 1072 1106 diabolus
1094 1036 1293 1126 opprimere
1343 1029 1507 1106 Christus
1528 1045 1572 1108 ct.
1584 1027 1749 1126 Apostoli
1778 1035 1822 1106 de
1851 1035 1981 1105 talibus
2009 1032 2150 1104 insidiis
2177 1045 2341 1104 monent.
2417 1065 2418 1128 ι

299 1154 533 1235 tyrannomm
565 1138 710 1208 saevitia
743 1150 778 1208 et
806 1138 1092 1208 adversariorum
1120 1137 1233 1207 literis
1260 1151 1294 1206 et
1343 1133 1507 1208 Christus
1539 1134 1641 1206 iubet
1671 1135 1777 1206 vitari
1809 1137 2023 1208 fermentum
2055 1131 2341 1208 Pharisaeorum.

299 1240 524 1312 clamoribus.
581 1237 723 1310 Novum
756 1263 853 1310 nnnc
884 1237 1072 1310 artificium
1104 1237 1293 1330 experitur.
1344 1235 1443 1326 Quid
1460 1236 1577 1330 potuit
1590 1236 1702 1327 magis
1722 1239 1865 1332 proprie
1886 1237 1957 1308 dici
1979 1240 2025 1308 de
2045 1237 2109 1308 tali
2130 1235 2342 1308 contusione
2417 1231 2418 1234 '

296 1343 451 1436 Impellit
468 1341 661 1436 principes,
687 1351 728 1412 ut
740 1364 839 1434 spem
856 1342 1043 1412 ostendant
1058 1341 1191 1433 populo
1206 1364 1294 1411 con·
1344 1339 1568 1430 dogmatum,
1603 1355 1710 1432 quam
1742 1341 1840 1432 quod
1864 1337 2038 1430 significat
2059 1332 2222 1410 Christus
2245 1337 2341 1434 reris

296 1445 534 1516 ciliandorum
557 1443 775 1534 dogmatum.
832 1437 881 1514 Et
903 1437 944 1512 hi
974 1437 1110 1514 habent
1140 1433 1295 1541 e’pyoiui-
1343 1440 1529 1514 sententiis
1565 1439 1787 1510 commisceri
1823 1441 2036 1513 fermentum
2074 1433 2342 1532 pharisaicum?

295 1545 391 1642 βους
403 1539 566 1616 homines
582 1546 697 1630 leves,
723 1543 786 1640 qni
802 1545 945 1616 tandem
960 1544 1152 1636 sapientiae
1167 1559 1202 1616 et
1214 1568 1294 1614 mo-
1343 1541 1474 1615 Daniel
1487 1553 1606 1614 autem
1619 1541 1833 1614 nominatim
1848 1543 1894 1614 de
1914 1555 2111 1634 postremae
2131 1541 2255 1618 aetatis
2278 1565 2342 1632 pe-

296 1646 491 1720 derationis
512 1645 694 1730 ambiunt,
734 1670 775 1716 ae
796 1645 1028 1738 pollicentur,
1061 1669 1098 1716 se
1119 1647 1293 1741 quaedam
1343 1645 1466 1719 riculis
1482 1641 1700 1726 vaticinans,
1726 1639 2059 1732 ostendit,·bostem
2079 1643 2246 1714 ecclesiae
2265 1665 2341 1712 non

295 1749 337 1822 in
351 1763 502 1844 utraque
516 1761 615 1840 parte
629 1747 854 1840 mitigaturus
868 1767 954 1824 csse.
1343 1760 1483 1818 tantum
1505 1744 1544 1816 vi
1566 1757 1806 1834 grassaturam
1827 1769 1917 1831 esse,
1947 1747 2010 1818 sed
2033 1745 2139 1816 etism
2162 1743 2342 1816 inescatu-

1343 1871 1425 1924 rum
1447 1861 1483 1919 et
1504 1845 1741 1918 invitaturum
1765 1847 1947 1940 plausibili
1969 1860 2004 1920 et
2017 1847 2149 1918 blanda
2166 1845 2341 1936 oratione.

1344 1947 1397 2022 lta
1413 1973 1511 2020 nunc
1525 1947 1654 2042 partim
1669 1963 1833 2022 exercent
1847 1949 2069 2022 manifestam
2092 1947 2341 2018 crudelitatem

1344 2046 1460 2124 hostes
1476 2049 1668 2140 evangelii,
1698 2051 1828 2142 partim
1844 2051 2059 2143 promittunt
2073 2047 2342 2125 conciliationes

1344 2167 1379 2224 et
1389 2151 1673 2222 moderationes..
1686 2149 1854 2226 Laudant
1866 2152 2024 2224 studium
2038 2149 2239 2222 communis
2254 2174 2342 2220 con-

1343 2255 1495 2330 cordiae.
1549 2245 1739 2343 Evehunr,
1771 2255 1998 2348 praedicant,
2027 2266 2159 2324 ornant
2179 2251 2342 2324 muneri-

1342 2357 1409 2428 bus
1425 2357 1601 2448 pedaneos
1616 2368 1812 2440 senatores,
1841 2357 1905 2450 qui
1918 2355 2051 2428 nolunt
2069 2353 2185 2436 videri
2203 2351 2342 2423 morosa

2417 2587 2418 2634 t

396 1893 468 1966 Hic
480 1919 554 1967 non
568 1917 756 1988 possumus
770 1919 847 1966 non
861 1895 1056 1965 exclamare
1070 1917 1149 1965 cum
1162 1891 1292 1966 Paulo:

295 1997 448 2096 βὶὲπετε
460 1992 550 2080 τοὺς
564 1991 703 2080 anxuris
718 1989 898 2097 ἐργάτας,
930 1991 1082 2094 βλέπετε
1095 1992 1165 2091 τὴν
1178 2019 1294 2068 κατα-

287 2095 427 2196 ’τομήν.
478 2098 569 2172 Nam
592 2101 734 2172 fucosae
757 2101 840 2170 illae
856 2099 1123 2174 conciliationes
1139 2121 1201 2170 seu
1215 2121 1294 2168 ιιιο-

295 2204 498 2275 derationes
522 2215 660 2274 tantum
684 2215 769 2272 sunt
792 2202 1013 2292 corruptelae
1037 2201 1292 2271 sententiarum

295 2305 455 2398 piarum,
484 2318 538 2388 ct,
569 2316 612 2375 nt
626 2301 731 2374 Pauli
752 2304 862 2372 verbo
880 2317 1041 2389 utamur,
1073 2315 1156 2372 sunt
1177 2323 1294 2374 κατα-

295 2401 411 2501 τομαί
425 2419 459 2476 et
472 2405 721 2496 dissipationes
733 2426 837 2474 verae
852 2403 1028 2478 ecclesiae.
1078 2401 1294 2494 Excogitan·

271 2549 273 2556 ·
296 2523 357 2582 tur
370 2507 578 2602 praestigiae
595 2508 789 2577 verborum
806 2506 850 2575 ad
867 2505 1102 2576 excusandam
1118 2519 1154 2576 et
1167 2507 1293 2576 fucan-

297 2612 380 2682 dam
395 2601 669 2702 εἰδωλομανίαν
684 2607 927 2699 multiplicem.
966 2605 1087 2697 Quare
1101 2631 1182 2677 cum
1197 2631 1293 2678 nnn·
1480 2691 1489 2710 ι
1558 2690 1568 2709 ,
1636 2689 1682 2710 Η
1791 2689 1815 2708 η
1925 2689 1935 2710 ,
2078 2689 2088 2708 ,

297 2735 405 2807 mam
427 2710 467 2779 in
484 2710 618 2780 maiore
634 2709 792 2802 periculo
810 2721 951 2779 nostrae
971 2708 1134 2800 ecclesiae
1149 2709 1293 2794 fuerint,
1443 2689 1613 2762 Vldfflni
1633 2703 1744 2782 ¹9²¹st
1764 2715 1836 2782 1³¹¹,
1852 2713 1937 2810 ,3¹¹¹
1958 2713 2040 2760 Vel-'⁸
2060 2701 2187 2808 umfni
2210 2687 2343 2778 ΒΜ

297 2811 515 2884 admouendi
538 2835 578 2880 ac
600 2807 769 2882 hortandi
790 2823 873 2880 sunt
891 2811 943 2903 pii
959 2812 1228 2901 gubernatores,
1252 2825 1293 2881 ut
1342 2807 1473 2864 ⁰1⁰⁰ss
1490 2792 1606 2864 ⁸⁰¹1¹¹¹¹
1623 2803 1745 2862 ⁰⁰1¹¹f³
1769 2805 1967 2878 ⁵³⁰V¹1¹³ffls
1999 2793 2060 2861 ⁵0⁶
2086 2805 2192 2863 ‘flam
2215 2805 2342 2862 ⁰⁰¹¹[ffl

297 2914 361 2986 illa
377 2912 547 2984 insidiosa
564 2925 599 2983 et
614 2912 723 3004 impia
741 2912 904 2993 consilia,
938 2935 978 2982 ac
999 2905 1226 3004 sophisticam
1247 2913 1305 2980 fl„
1342 2896 1485 2965 fraud&
1499 2908 1535 2965 ⁰1
1548 2887 2344 3014 l{lfssldilidss¹¹⁰³fi¹¹¹¹¹‘²l'ffl18‘2ffil)⁰fi⁰¹'³³¹¹¹⁰·

297 3017 370 3088 lam
401 3014 578 3086 exitialem
606 3014 761 3088 ecclesiis
789 3013 915 3106 procul
943 3013 1092 3104 fugiant.
1149 3010 1293 3098 Errant,
1342 2997 1455 3068 niani·
1512 2993 1613 3080 50¹0,
1651 2997 2047 3114 madssllfflflefflffissoe
2067 2995 2226 3114 {ludfflm
2251 3019 2342 3065 ⁶⁰⁰·

222 3197 224 3214 Ι
298 3118 361 3212 qni
377 3115 671 3210 tranquillitatem
689 3115 888 3188 durabilem
905 3127 1033 3206 putant
1053 3116 1184 3185 fucosis
1207 3141 1294 3186 con·
1343 3099 1484 3170 0⁰1ffi³0
1517 3109 1552 3168 ⁰²
1584 3096 1890 3214 lranqfflfllffissi·
1920 3119 2010 3184 ⁸⁰¹⁰,
2048 3107 2217 3166 ”liutem
2254 3119 2344 3180 ⁸⁵⁵⁰.

298 3218 541 3290 ciliationibus
556 3213 693 3286 restitui
709 3239 822 3308 posse,
847 3227 881 3286 et
896 3218 996 3306 digni
1011 3216 1093 3286 odio
1111 3229 1205 3302 sunt,
1230 3217 1293 3312 qui
1343 3201 1517 3295 quaedam
1539 3209 1654 3316 “MP
1679 3199 1975 3288 dubefflflnlfflma
1997 3209 2057 3316 ,¹¹²
2086 3209 2276 3289 Parentum
2307 3211 2344 3269 ei

298 3345 380 3392 cum
403 3317 631 3411 oppressione
652 3317 811 3387 verimi,
833 3319 1016 3387 consuler,
1037 3341 1100 3386 ,uo
1128 3318 1201 3390 050
1231 3343 1294 3388 cu.
1343 3303 1556 3386 amicorum,
1588 3299 1824 3373 dissimulare.
1874 3296 1946 3370 Sed
1969 3294 2025 3370 lus
2047 3297 2216 3369 laudibus
2238 3312 2344 3370 ante-

298 3423 415 3514 piunt.
466 3419 558 3490 Nam
574 3419 667 3490 dicta
684 3417 866 3508 ambigua,
898 3419 1088 3513 flexiloqua
1109 3419 1293 3490 veritatem
1343 3405 1487 3474 ferenda
1519 3413 1572 3472 est
1600 3423 1684 3472 cura
1713 3401 1974 3470 conservandae
1997 3399 2156 3470 veritatis
2178 3415 2213 3472 et
2234 3423 2344 3471 verae

300 3524 514 3596 obruuntur
531 3519 663 3596 delent,
1342 3503 1541 3595 religionis.
1603 3499 1690 3572 Plus
1717 3503 1858 3572 valeant
1884 3502 1924 3572 in
1947 3502 2076 3571 animis
2097 3501 2229 3572 nostris
2252 3497 2344 3572 haec

1342 2471 1404 2530 aut
1424 2455 1600 2551 impedire
1623 2457 1860 2532 concordiam.
1908 2455 1977 2528 His
1995 2456 2133 2528 artibus
2149 2453 2343 2554 capiuntur

1342 2560 1454 2632 animi
1470 2558 1677 2630 multorum.
2168 2559 2171 2564 “

1344 3629 1500 3691 summa,
1538 3615 1679 3674 aeterne
1704 3616 1739 3674 et
1760 3603 1997 3674 immutabilia
2022 3616 2223 3696 praecepta:
2264 3627 2342 3672 non

401 3669 500 3762 Qnid
521 3669 650 3740 36ΰῖἆῆ
672 3669 712 3738 ῙΠ
734 3667 880 3763 SY¹¹⁰d⁰
900 3662 1128 3764 Sy'mi‘mit
1158 3668 1223 3740 ”hi
1244 3667 1293 3739 εἰ·
1343 3699 1498 3777 habebis
1507 3699 1612 3775 Deos
1627 3699 1791 3784 alienon
1816 3721 1894 3774 non'
1904 3701 2077 3774 abutaris
2090 3701 2237 3775 nomine
2248 3699 2344 3785 Dei,

299 3773 397 3845 milis
419 3769 619 3842 conciliatio
645 3770 740 3840 inter
757 3771 836 3862 pios
851 3784 884 3841 et
899 3767 1054 3840 Arianos
1071 3784 1205 3842 tentata
1221 3771 1295 3842 est?

299 3871 390 3946 Erat
412 3885 592 3962 receptum
614 3867 788 3942 Nicenum
809 3872 1031 3966 symbolum,
1065 3875 1162 3966 quod
1185 3887 1294 3944 testa-

300 3987 380 4062 tur,
405 3973 519 4043 lilium
532 3969 599 4041 Dci
615 3995 686 4041 esse
700 3965 901 4064 ὅμοούσιον
922 3973 1014 4064 patri
1026 3985 1188 4062 aeterno.
1239 3973 1294 4046 De

301 4099 341 4147 ea
364 4073 536 4168 particula
562 4087 636 4142 erat
656 4073 839 4144 contentio
863 4073 956 4146 inter
976 4075 1054 4166 pios
1077 4089 1111 4146 et
1128 4070 1294 4147 Arianos.

1345 3803 1620 3904 qnam-caeterae
1635 3829 1691 3876 res
1707 3827 1841 3890 omnes.
1871 3803 1963 3877 Cum
1981 3805 2081 3876 domi
2095 3806 2228 3878 liberos
2243 3807 2344 3900 aspi-

1344 3912 1419 3996 cio,
1445 3933 1525 3980 cum
1541 3907 1727 4000 intemplo
1743 3907 1963 3978 iuventutem
1980 3907 2124 3978 intueor
2141 3931 2183 3978 ac
2203 3909 2249 3978 de
2272 3933 2344 4002 po-

1344 4012 1497 4083 steritate
1529 4009 1663 4108 cogito,
1695 4031 1797 4100 saepe
1830 4003 2037 4079 cohorresco
2070 4021 2145 4080 toto
2178 4033 2345 4102 corpore,
2417 4037 2418 4058 ι

1343 4111 1561 4206 prospiciens
1581 4111 1823 4204 impendentia
1845 4109 2009 4182 ecclesiae
2031 4110 2200 4202 pericula.
2258 4109 2344 4182 Me·
2417 4099 2418 4164 i

300 4177 352 4252 Ui
369 4176 478 4265 igitur
495 4175 694 4292 ⁵7i⁰b⁰¹⁰m
710 4175 870 4293 imque
884 4189 1110 4294 i⁰ngfflerfi’
1135 4171 1217 4271 (⁰²¹¹
1233 4203 1294 4248 ⁰⁰·
1343 4229 1405 4286 tuo
1422 4214 1536 4300 enim,
1560 4211 1745 4306 aliquanto
1763 4223 1843 4304 post
1857 4223 2037 4283 secutnras
2048 4233 2172 4284 rursus
2185 4205 2344 4284 horrcn-

301 4273 457 4350 thurnus
479 4289 621 4368 utraque
645 4278 729 4367 pedi
751 4271 947 4371 congrurt,)
982 4291 1016 4347 et
1036 4279 1217 4349 videretur
1238 4303 1294 4348 se-
1344 4319 1405 4386 das
1421 4317 1616 4386 tenebrass
2417 4291 2418 4308 ι

302 4381 426 4450 datum
465 4391 662 4463 certamen,
703 4381 887 4464 convenit,
930 4393 970 4450 ut
1009 4393 1168 4471 exempta
1208 4404 1294 4452 voce
1856 4443 1879 4462 „
2091 4445 2102 4464 ,
2182 4443 2191 4465 ,
2417 4361 2418 4442 i

303 4472 523 4574 ὅμοούσων,
557 4477 732 4568 legeretur
755 4491 875 4571 pom,
898 4473 1039 4572 gamm
1092 4479 1146 4551 ha
1164 4482 1294 4552 confir,
1443 4449 1538 4523 Sunt
1557 4457 1676 4518 autem
1692 4437 1881 4534 Evangeln
1904 4445 2065 4516 doctores
2089 4469 2129 4516 m
2152 4439 2210 4518 his
2232 4469 2343 4519 excu-
2417 4471 2418 4548 t

301 4581 465 4652 mabatur
485 4581 586 4650 furor
606 4575 841 4666 rimanorum,
879 4581 1134 4653 obscurabatur
1152 4586 1292 4666 veritas,
1342 4552 1412 4625 ¹³3⁵
1430 4548 1609 4668 ⁰⁰¹¹⁰⁰²ffi³
1641 4559 1682 4618 ¹¹¹
1703 4559 1849 4666 P¹⁰PJ⁸¹
1867 4539 2169 4666 Diisslmimfc
2188 4549 2342 4621 ⁸²¹⁰²²¹¹¹
2417 4589 2418 4654 l

302 4697 339 4756 et
353 4681 448 4753 inter
463 4681 558 4776 pios,
584 4683 613 4750 si
628 4681 807 4777 quierant
823 4681 1035 4770 imbecilles,
1060 4683 1222 4756 dubitare
1235 4687 1294 4756 in·
1343 4653 1507 4728 ‘cclaeia‘
1533 4665 1640 4724 ‘mm
1666 4661 1817 4742 ΡΟἥρω
1840 4647 2024 4720 ‘mmm‘
2047 4661 2240 4772 Punmem
2266 4673 2344 4722 ⁵²¹·

301 4783 498 4877 cipiebant,
528 4795 608 4855 utra
628 4783 801 4854 sententia
817 4807 899 4854 vera
918 4797 1016 4860 esset.
1068 4783 1215 4878 Semper
1229 4812 1295 4858 au·
1342 4769 1439 4833 Veni·

300 4899 373 4956 tem
396 4884 589 4970 dubitatio,
622 4885 692 4956 nisi
713 4885 880 4972 tollatur,
905 4887 999 4978 parit
1014 4887 1137 4958 odium
1152 4890 1294 4980 religio·
1441 4885 1539 4959 Haec
1562 4876 1654 4952 mihi
1672 4883 1719 4952 ad
1738 4893 1773 4953 te
1795 4881 1966 4953 scribenti
1986 4883 2087 4954 venit
2113 4883 2155 4954 in
2181 4897 2342 4958 mentem

302 4986 359 5056 nis
387 4999 421 5056 et
442 4982 659 5078 Epicureum
682 4999 910 5063 contemtum.
971 4985 1185 5062 Interfuerat
1207 4988 1295 5086 Syr·
1344 4991 1413 5062 viri
1438 4985 1566 5081 optimi
1588 5000 1623 5056 et
1646 4983 1864 5074 gravissim,
1896 4983 2008 5054 soceri
2037 4984 2109 5071 tui,
2145 4978 2342 5056 Iohannis

301 5086 431 5158 miensi
464 5087 599 5181 synodo
629 5089 813 5182 episcopus
839 5087 1021 5182 Hispanus
1045 5080 1180 5177 Ocius,
1222 5093 1295 5186 qui,
1343 5085 1503 5171 ΒιίηιΙι,
1535 5087 1600 5182 qui
1620 5099 1662 5156 ut
1685 5097 1761 5156 erat
1782 5097 1817 5156 et
1832 5107 1935 5154 verae
1951 5085 2133 5157 doctrinae
2151 5087 2343 5160 studiosis-

304 5211 507 5284 quanqnam
530 5190 667 5260 alienus
689 5203 762 5260 erat
783 5192 827 5260 ab
845 5185 1007 5278 Arianis,
1039 5205 1074 5262 et
1094 5192 1295 5280 eruditione
1344 5198 1454 5266 simus
1473 5205 1508 5264 et
1528 5190 1568 5260 in
1589 5186 1691 5258 omni
1709 5185 1783 5259 vita
1805 5185 2048 5258 simulationes
2071 5211 2112 5260 ac
2133 5188 2344 5260 dissimula-

306 5305 343 5362 et
356 5289 563 5362 auctoritate
576 5291 670 5362 inter
682 5291 761 5384 pios
777 5292 984 5374 excellebat,
1007 5303 1125 5362 mmen
1139 5294 1194 5362 illi
1209 5319 1296 5366 con·
1345 5299 1459 5368 tiones
1475 5291 1643 5363 acerrime
1659 5289 1803 5372 oderat,
1835 5303 1969 5381 quanto
1990 5289 2104 5360 animi
2126 5303 2230 5364 motu
2250 5291 2344 5364 fuis-

303 5390 493 5478 ciliationi,
517 5415 579 5463 sen
593 5391 794 5464 confusioni
808 5393 947 5485 potius,
973 5394 1127 5488 adsensit
1141 5397 1296 5490 quodam
1346 5409 1397 5470 set
1413 5405 1636 5466 execratums
1658 5391 1794 5461 fucosae
1818 5387 2099 5475 conciliationes,
2133 5403 2170 5464 et
2192 5387 2274 5480 bas,
2297 5405 2345 5466 ut

303 5493 506 5565 inconsulto
532 5495 650 5566 studio
673 5493 872 5566 communis
893 5495 1114 5570 concordiae.
1173 5493 1297 5592 Itaque
1344 5499 1499 5571 Paulino
1521 5495 1629 5565 verbo
1654 5499 1815 5576 utamur,
1845 5481 2009 5586 κυβείας.
2058 5487 2239 5588 Equidem
2263 5519 2341 5566 non
