4856 6266
1267 1 1270 4 ,
1356 1 1767 98 &ms

113 327 162 404 so
687 301 1123 410 r'rrs'rouaauu
1164 333 1410 414 atavus
1462 337 1595 420 asar.
1843 351 1853 368 “
2107 351 2158 428 ao

109 515 144 574 et
158 501 231 572 lide
251 505 388 575 tuenda
411 503 617 578 consolatio.
665 502 775 596 Quod
799 500 885 576 haec
904 508 1000 580 mla
1027 528 1114 578 con·
1158 504 1241 578 Non
1266 509 1362 582 enim
1386 513 1440 584 ait
1461 535 1498 584 se
1524 517 1727 606 deposuisse
1751 521 1936 606 morbum,
1976 521 2157 612 videlicet,

108 605 313 691 donentur,
354 620 391 680 et
413 607 511 700 quod
532 606 736 678 obedientia
755 632 961 702 quanquam
982 610 1115 700 imper·-
1159 609 1270 700 legem
1286 613 1325 682 in
1340 616 1519 690 ruembris.
1569 615 1645 690 lmo
1668 633 1787 711 postea
1812 623 1878 694 ait:
1910 621 2051 718 Corpus
2069 651 2155 719 pro-

107 707 202 778 iecta
225 707 363 802 placeat
382 705 479 794 Deo,
511 723 657 803 propter
674 710 930 796 mediatorem,
961 712 1026 806 qai
1047 733 1114 804 pro
1157 725 1236 804 pter
1251 730 1432 806 peccatum
1448 717 1662 794 destinatum
1679 736 1730 794 est
1743 725 1863 800 morti.

109 809 454 904 10111111111111111·
1170 865 1175 872 ·
1258 843 1477 920 Antoritates
1499 851 1621 922 citatas
1643 877 1685 926 ex
1708 850 1910 946 Augustino
1933 869 1969 930 et
1993 857 2074 934 eliis
2094 881 2152 932 re-

214 939 314 1016 Haec
334 955 421 1014 sunt
439 965 548 1042 vera,
568 941 735 1016 salutaris
756 945 843 1037 piis,
869 961 903 1017 et
918 945 1112 1038 perspicua.
1156 945 1281 1041 linqno
1315 950 1448 1021 indicio
1478 955 1706 1044 prudentum.
1765 956 1929 1048 Quarum
1962 959 2151 1058 pleraeque

107 1043 199 1116 ldeo
222 1045 285 1116 illa
308 1043 511 1136 popularia,
534 1069 627 1138 quae
649 1047 781 1118 adiecit
800 1049 840 1118 in
862 1049 1112 1132 declaratione,
1156 1045 1250 1119 nibil
1275 1067 1397 1122 contra
1421 1077 1486 1123 nos
1506 1057 1651 1128 faciunt.
1701 1055 1863 1132 Dicimus
1885 1075 1919 1133 et
1941 1085 2008 1132 nos
2028 1063 2067 1132 in
2079 1059 2153 1135 Ba-

106 1171 188 1220 nou
209 1148 415 1222 moines.
468 1145 539 1218 Nec
561 1169 671 1238 pauca
698 1173 763 1220 uec
783 1150 875 1220 levia
899 1165 981 1223 sunt
1002 1151 1110 1220 etiam
1155 1152 1284 1242 ptismo
1298 1153 1433 1225 remitti
1449 1155 1567 1227 omnia
1582 1173 1741 1250 peecata,
1776 1175 1813 1234 et
1830 1177 1912 1256 peto
1930 1164 2151 1236 considerari

103 1263 317 1322 sanctorum
333 1264 492 1340 peccam
522 1249 616 1319 sicut
634 1248 770 1320 Moiras.
783 1265 875 1324 orat:
909 1251 982 1324 Nec
1000 1253 1111 1322 inno-
1155 1267 1358 1346 perpetuam
1374 1253 1566 1348 Augustini
1581 1263 1805 1336 senteutiam.

104 1373 195 1422 cens
218 1373 341 1424 coram
361 1365 395 1422 tc
416 1363 468 1422 est
491 1351 675 1426 innocens.
732 1349 783 1424 Et
795 1352 931 1439 David,
959 1352 1111 1446 Propter

102 1475 246 1526 nomen
270 1450 824 1546 11111901111111110911111111111
851 1469 992 1548 1111111111
1019 1479 1109 1574 1111131
1153 1505 1290 1578 menta,
1315 1507 1430 1563 sumta
1446 1517 1465 1562 a
1480 1495 1617 1566 ratione
1633 1509 1667 1568 et
1682 1499 1845 1572 civilibus
1865 1503 2042 1592 moribus,
2068 1506 2149 1600 qui-

103 1555 269 1628 muuum
293 1555 476 1672 1111111111·
536 1551 1110 1676 11111111111111111911911111111
1154 1595 1221 1665 bus
1235 1597 1362 1687 probat
1378 1589 1474 1666 hunc
1487 1597 1656 1668 morbum
1670 1623 1746 1670 non
1764 1625 1836 1674 esse
1851 1617 2045 1696 peccatum.

104 1681 216 1728 verae
237 1671 477 1750 poenitentiae
500 1669 683 1744 exercitia,
711 1653 797 1728 haec
818 1659 909 1730 levia
932 1661 1110 1734 videntur.

104 1757 182 1832 Sed
206 1759 344 1852 experti
365 1759 553 1852 deplorant
574 1783 632 1844 ea,
663 1773 704 1830 nt
718 1755 906 1846 Ezechias,
940 1759 1041 1832 Sicut
1053 1762 1109 1830 leo

107 1861 284 1934 contrivit
313 1861 438 1932 omnia
466 1884 544 1930 ossa
570 1885 659 1934 mea.
724 1857 775 1932 Et
797 1862 948 1952 legimus
973 1863 1014 1932 in
1039 1863 1110 1932 vita

107 1961 330 2054 Augustini,
361 1961 500 2058 aliquot
522 1962 701 2034 continuis
723 1963 846 2034 diebus
861 1978 942 2034 ante
959 1978 1109 2036 mortem

106 2087 239 2160 magno
262 2087 426 2136 moerore
447 2064 706 2162 conflictatum,
738 2079 773 2138 et
795 2066 890 2136 iuter
911 2059 1111 2162 lachrymas
1401 2153 1410 2170 ι
1504 2154 1513 2172 ι

108 2181 144 2238 et
166 2191 288 2260 preces
312 2179 476 2262 questum
502 2189 591 2252 esse,
632 2168 729 2261 quod
750 2167 790 2237 in
812 2179 886 2238 tam
906 2168 1013 2260 longa
1035 2167 1111 2238 vita
1257 2147 1827 2248 Ε180111β111111111111110111111111
1841 2160 2151 2236 3111111101111

108 2279 252 2366 peccata
269 2290 332 2340 sua
348 2291 423 2337 non
436 2261 680 2339 vehementius
696 2269 921 2362 deplorasset.
968 2264 1017 2341 Et
1029 2279 1112 2339 san·
1155 2255 1552 2345 11111111111111111111111111
1569 2281 1731 2350 [1118111113
1750 2283 1831 2328 cum
1847 2259 2017 2352 1181111111·

110 2369 267 2442 ctissime
288 2369 409 2464 inquit
433 2371 478 2440 de
501 2369 642 2440 ciuitate
663 2369 732 2442 Dei
758 2371 894 2445 tibus
920 2371 1007 2444 Siue
1029 2395 1111 2463 pec·
1255 2373 1482 2466 Respondeo.
1538 2373 1581 2446 ln
1608 2377 1685 2469 ipso
1713 2382 1941 2454 antecedente
1969 2397 2022 2455 est
2050 2409 2150 2456 exce·

111 2487 189 2544 cato
214 2483 333 2542 antem
358 2469 421 2568 qui
441 2493 477 2540 se
498 2469 617 2540 vivere
641 2471 833 2558 existimat,
868 2497 943 2544 non
967 2475 1005 2543 id
1029 2474 1112 2564 agit,
1155 2489 1256 2570 ptum
1274 2477 1464 2566 originale,
1490 2491 1525 2550 et
1542 2479 1677 2550 dietum
1693 2479 1785 2550 illud
1802 2482 1962 2578 loquitur
1977 2485 2023 2557 de
2038 2487 2150 2558 mori-

111 2589 149 2646 ut
172 2587 356 2666 peccatum
378 2597 453 2644 non
472 2567 618 2664 habeat,
650 2575 712 2644 sed
735 2587 776 2645 ut
794 2575 936 2644 veniam
957 2599 1033 2644 non
1054 2599 1112 2645 ac·
1155 2581 1223 2650 bus
1240 2578 1418 2653 civilibus.

112 2677 231 2770 cipiat.
1256 2693 1354 2766 Haec
1378 2707 1430 2765 est
1451 2705 1570 2764 autem
1589 2695 1779 2789 praecipua
1794 2719 1919 2786 causa,
1945 2723 2010 2780 cnr
2023 2703 2068 2773 de
2083 2697 2149 2774 hoc

213 2787 258 2892 5)
291 2789 411 2866 Multa
440 2793 564 2864 volens
591 2791 727 2868 omitto.
784 2791 841 2866 De
867 2795 948 2868 loco
972 2797 1017 2866 ad
1039 2793 1112 2867 Co-
1155 2796 1234 2872 loco
1252 2798 1530 2879 concertamus,
1566 2809 1607 2866 ut
1626 2797 1823 2870 retineatur
1844 2800 2036 2874 discrimen
2056 2805 2150 2876 inter

112 2891 224 2969 rintli.
259 2893 388 2968 Abluti
408 2895 507 2984 estis,
533 2895 739 2967 sanctificati
760 2897 843 2968 estis
863 2911 930 2968 etc.
962 2921 1111 2991 respon·
1156 2899 1282 2970 delicta
1297 2899 1436 2983 civilia,
1461 2911 1495 2968 et
1510 2896 1775 2970 immunditiem
1790 2925 1910 2972 coram
1923 2899 2013 2976 Deo.
2046 2903 2148 2986 item,

112 3003 178 3072 deo
193 3011 370 3090 utsupra.
421 2993 470 3070 Et
494 2997 665 3088 originale
688 3011 723 3070 et
741 2979 890 3070 actualia
913 3001 952 3070 in
967 2999 1110 3084 adultis,
1155 3001 1249 3072 iuter
1265 2999 1405 3084 civilem
1420 2997 1592 3070 iustitiam
1607 3013 1642 3069 et
1654 2999 1827 3074 iustitiam
1841 3003 1936 3079 fidet.

112 3105 156 3174 de
170 3101 304 3198 quibus
317 3100 481 3196 loquitur
487 3095 632 3187 Paulus,
645 3101 790 3172 remissa
805 3099 1110 3196 perBaptismum.

111 3201 185 3276 Nec
209 3217 336 3296 regnat
359 3201 550 3293 originale,
590 3203 655 3273 etsi
678 3203 859 3296 corruptio
885 3203 1023 3298 reliqua
1048 3217 1110 3279 est.
1446 3198 1618 3263 5111111111
1633 3197 1863 3282 &timim

112 3303 212 3378 ilaec
225 3305 362 3392 fuistis,
395 3303 532 3400 inquit,
563 3303 601 3375 id
618 3317 688 3392 est,
713 3306 844 3400 polluti
861 3307 1059 3378 actualibus
1076 3319 1111 3376 et
1254 3317 1404 3389 Nullum
1416 3320 1625 3391 mandatum
1642 3321 1746 3392 debet
1761 3343 1835 3394 esse
1848 3325 2080 3418 impossibile,

112 3407 292 3530 (1118111111
342 3405 1110 3530 ΝΠΠ13111111111111ν111111111111111111111111·
1255 3433 1352 3527 Ergo
1372 3451 1433 3507 arat
1460 3438 1743 3529 concupiscentia
1772 3443 1846 3512 non
1878 3455 1929 3514 est
1957 3461 2149 3538 peccatum,

112 3535 214 3582 saone
232 3521 456 3612 peccatorum
475 3521 509 3580 et
524 3521 664 3580 incoata
679 3522 846 3584 novitate.
1155 3554 1216 3612 au,
1233 3540 1288 3609 lex
1307 3539 1374 3608 erp,
1390 3539 1647 3630 impossibilis·-

213 3639 257 3740 6)
282 3639 339 3714 De
355 3642 505 3734 septimo
529 3641 642 3734 eapite
658 3643 702 3712 ad
717 3637 904 3714 Boumnos
918 3645 1015 3728 idern
1028 3643 1112 3718 lacit
1255 3655 1471 3748 Respondeo
1486 3657 1531 3725 ad
1546 3657 1768 3731 antecedens.
1805 3657 2001 3732 Adsentior
2015 3667 2059 3734 de
2070 3694 2149 3736 mo-

110 3745 158 3824 D.
176 3743 331 3832 Ductor,
368 3745 465 3843 quod
489 3743 665 3838 quispiam
688 3743 803 3836 pictor
821 3745 973 3818 faciebat
994 3746 1033 3816 iu
1055 3747 1111 3840 pi·
1155 3759 1255 3831 ribus
1272 3755 1443 3840 externis,
1480 3771 1585 3852 atque
1601 3758 1648 3828 ita
1664 3757 1726 3828 lerr
1736 3755 1824 3846 Dei,
1856 3765 1952 3861 quod
1974 3767 2018 3836 ad
2045 3769 2148 3840 disci-

111 3863 213 3922 ctura
235 3843 494 3918 immolationis
511 3839 735 3938 iphigeniae,
766 3844 806 3914 in
829 3871 897 3942 qua
920 3871 1001 3918 cum
1025 3871 1111 3918 ton·
1154 3862 1289 3954 plinam
1305 3860 1447 3945 attinet,
1472 3873 1524 3936 est
1538 3857 1739 3951 possibilis,
1771 3863 1955 3954 videlicet,
1986 3873 2082 3962 quod
2104 3873 2148 3942 ad

110 3949 295 4024 sumsisset
309 3961 469 4040 gestuum
485 3947 691 4019 varietatem
709 3947 749 4016 in
769 3945 917 4040 singulis
937 3949 1111 4044 principi·
1155 3977 1298 4035 externa
1318 3955 1468 4032 honesta
1491 3961 1605 4032 officia
1627 3961 1762 4038 attinet.
1813 3963 1883 4036 Sed
1907 3967 1963 4038 lex
1983 3965 2050 4040 Dei
2075 3997 2149 4042 non

109 4053 180 4124 hus
195 4051 261 4148 qni
281 4049 485 4136 adstabant,
510 4071 575 4119 nec
595 4063 714 4144 posset
735 4064 835 4140 gestu
857 4075 940 4144 prae
965 4051 1110 4122 caeteris
1154 4079 1294 4136 tantum
1309 4065 1353 4134 de
1370 4063 1521 4134 externis
1536 4063 1660 4134 officiis
1682 4065 1930 4151 concionatur,
1960 4095 2083 4142 verum
2106 4077 2149 4148 de

110 4153 246 4246 {migni
265 4167 447 4248 paterarum
463 4151 675 4222 moestitiam
692 4151 904 4244 exprimere,
926 4151 1042 4244 pingit
1057 4165 1110 4224 te·
1155 4167 1291 4256 integra
1324 4165 1526 4236 obedientia
1557 4163 1691 4252 cordis,
1722 4179 1763 4238 ut
1794 4167 1920 4260 diligas
1951 4165 2147 4244 Dominum

108 4269 254 4350 gentem
281 4253 390 4347 pallio
412 4254 563 4326 vultum.
615 4249 667 4324 lta
689 4251 735 4327 D.
759 4251 895 4324 Ductor
916 4253 1110 4325 consumtis
1153 4267 1270 4340 Deum
1287 4281 1389 4338 tuum
1408 4291 1449 4336 ex
1463 4279 1539 4338 toto
1555 4269 1660 4362 eorde
1675 4279 1739 4340 etc.
1789 4265 1944 4342 Externa
1960 4272 2148 4368 disciplina

107 4359 255 4452 ‘pm'
295 4355 427 4450 quibus
450 4355 565 4448 pingit
591 4365 724 4424 caetera
748 4355 968 4441 testimonia,
1007 4379 1110 4448 prae-
1154 4385 1189 4442 et
1208 4369 1379 4463 professio
1397 4367 1473 4438 veri
1487 4369 1603 4439 cultus
1619 4368 1799 4461 possibilis
1818 4385 1888 4456 est,
1921 4385 1955 4442 et
1978 4379 2147 4466 praestari

107 4461 195 4534 mg,
212 4473 248 4531 ,ι
262 4457 416 4528 involvit
431 4456 658 4548 praecipuum
673 4455 810 4541 locum,
835 4457 880 4525 de
896 4481 967 4550 quo
982 4451 1109 4550 Augu·
1154 4475 1258 4544 debet
1281 4495 1323 4541 ac
1346 4483 1472 4569 potest.
1530 4469 1602 4540 Sed
1624 4493 1731 4540 nemo
1759 4471 1924 4543 satisfacit
1952 4469 2037 4548 huic
2069 4481 2149 4571 legi,

107 4561 228 4636 ,finus
240 4559 381 4656 inquit,
405 4555 490 4628 Vim
508 4557 712 4628 sutfecisse
726 4558 833 4628 rerba
849 4556 970 4646 Pauli,
993 4573 1034 4632 nt
1049 4585 1109 4632 co-
1154 4575 1251 4670 quod
1275 4575 1318 4644 ad
1342 4571 1459 4643 cordis
1482 4571 1696 4642 munditiem
1729 4585 1764 4644 et
1792 4575 2030 4648 obedientiam
2055 4581 2147 4654 inte·
2252 4613 2264 4622 ·

105 4679 256 4758 geretur
279 4661 467 4746 assentire,
504 4659 607 4754 loqui
631 4683 712 4732 eum
733 4661 779 4742 de
801 4681 876 4730 sese
901 4683 963 4734 seu
985 4663 1030 4734 de
1052 4685 1109 4734 re-
1153 4701 1251 4770 gram
1271 4674 1408 4748 attinet.
1459 4669 1545 4743 ldeo
1566 4671 1699 4743 Paulus
1720 4674 1823 4746 dicit:
1857 4673 1930 4747 Lex
1953 4675 2022 4752 Dei
2042 4683 2146 4776 spiri-

105 4767 217 4840 Μὴ.
316 4785 330 4798 .
1152 4780 1259 4851 malis
1274 4789 1344 4860 est,
1375 4775 1412 4846 id
1436 4785 1508 4858 est,
1540 4797 1614 4843 non
1634 4787 1771 4846 tantum
1785 4777 1932 4870 politica
1949 4781 2148 4876 disciplina,

211 4880 273 4952 Ibi
293 4879 423 4950 dim„
442 4873 576 4947 paulus
600 4871 696 4948 hunc
716 4879 884 4952 morbum
906 4904 1009 4973 saepe
1044 4905 1106 4954 no·
1153 4882 1212 4951 sed
1243 4880 1429 4974 requirens
1458 4875 1658 4968 spirituales
1686 4891 1824 4966 motus,
1858 4903 2034 4953 summam
2055 4887 2146 4956 dile-

106 4987 224 5056 mma,
242 4995 440 5076 peccatum,
474 4992 509 5049 eg
531 5001 576 5051 ne
598 4979 685 5074 quid
706 4979 751 5052 sii
774 4981 931 5071 ambigui
952 4985 1109 5054 invoca-
1153 4983 1305 5052 ctionem
1325 4977 1413 5064 Dei,
1436 4991 1501 5052 etc.
1551 4973 1601 5048 Et
1623 4993 1741 5048 tamen
1763 4973 1848 5052 lraec
1871 4983 1926 5052 lex
1950 4985 2055 5056 etiam
2077 4989 2146 5058 fnit

106 5089 198 5160 5⁰10
215 5083 371 5180 peceati,
400 5079 519 5174 inquit
538 5101 612 5150 esse
632 5081 802 5174 quiddam
822 5105 1023 5175 repugnans
1039 5085 1108 5174 legi
1153 5081 1332 5176 possibilis
1355 5094 1438 5152 ante
1460 5081 1599 5171 lapsum
1618 5075 1737 5166 Adae,
1770 5095 1889 5174 postea
1915 5099 2041 5158 natura
2066 5113 2145 5160 eor-

104 5189 190 5262 ffi,
246 5185 387 5277 Deinde
417 5181 697 5252 consolationem
727 5183 844 5255 addita
881 5181 989 5256 Nulla
1021 5211 1108 5258 cou-
1153 5197 1256 5278 rupit
1279 5179 1558 5276 ΝΡ118111111181ν
1592 5183 2065 5276 1111111111111011011111111
2104 5205 2143 5260 ¹¹¹

103 5287 295 5364 rimatio
314 5297 367 5356 est
386 5277 464 5370 his,
499 5284 563 5378 qui
584 5283 622 5352 in
641 5279 784 5358 Christo
806 5281 887 5358 lesu
910 5287 1107 5370 ambulant,
1150 5287 1238 5358 ioris
1255 5279 1455 5370 coherceat,
1488 5295 1525 5354 11
1541 5281 2003 5361 11111111111111111111111111111
2019 5313 2144 5382 iem·

104 5393 195 5490 φὶ,
211 5394 268 5462 192
286 5389 381 5460 vitae
395 5385 561 5458 liberavit
574 5409 631 5456 me
647 5385 755 5476 alege
769 5387 951 5481 peecatiet
971 5389 1106 5475 mortis,
1151 5403 1237 5463 turn.
1289 5385 1388 5458 Sicut
1402 5383 1535 5456 Paulus
1549 5385 1718 5456 acerrime
1734 5389 1936 5472 contendit,
1969 5391 2045 5482 lege
2065 5417 2142 5464 non

105 5495 298 5574 ,matam
346 5487 609 5564 condonatione
636 5500 672 5558 et
699 5485 901 5560 incautione
926 5489 1106 5564 novitatis.
1151 5487 1332 5562 iustificari
1352 5481 1534 5572 hommes,
1574 5501 1608 5557 et
1629 5487 1878 5576 concionatur,
1913 5493 2141 5566 mediatorem

1281 5581 1355 5659 50

1253 1387 1296 1486 7)
1321 1387 1486 1460 Tandem
1509 1393 1647 1464 omissis
1666 1397 1879 1469 testimoniis
1897 1399 2025 1474 adiecit
2044 1423 2150 1495 argu-

1544 1811 1681 1878 Primum
1702 1824 1760 1881 est.

1212 2031 1221 2048 ⁸
1256 1925 1377 2001 Omne
1390 1909 1583 2024 peccatum,
1602 1950 1741 2028 praeter
1756 1936 1938 2044 originale,
1954 1957 2006 2014 est
2019 1941 2149 2014 volun-

1153 2043 1297 2106 tarium.
