4814 6262
85 353 148 428 tlt
633 339 1063 468 artatotatttlm
1113 343 1222 417 Ltss.
1259 343 1359 422 vltt.
1414 342 1547 418 1541.
2029 345 2107 420 ets

86 535 146 594 tute
168 516 235 590 boc
258 517 529 590 Sacramentum
548 518 737 591 conficitur
759 527 793 586 et
821 541 892 610 quo
925 516 981 614 lit,
1023 529 1064 588 nt
1113 513 1163 586 Et
1179 515 1347 610 quoniam
1362 518 1557 588 sacerdotes
1573 519 1611 588 in
1625 513 1694 588 lroc
1710 515 1938 590 sacramanto
1951 519 2107 590 me'dicos

83 635 149 716 post
162 617 481 704 consecrationem,
506 643 632 696 verum
647 643 776 710 corpus
796 632 830 687 et
855 641 958 688 verus
981 639 1064 686 san·
1113 631 1226 707 agunt
1247 619 1469 711 spirituales,
1500 619 1562 712 qui
1585 617 1819 704 conscientias
1835 623 2107 711 etpeccator'mn

81 725 146 814 guis
165 723 326 805 domini,
356 747 438 794 vere
460 734 496 790 et
515 721 796 793 substantialiter
811 719 947 804 adsint,
972 731 1007 790 et
1022 718 1064 788 t·
1114 733 1148 790 et
1169 719 1340 791 vitiorum
1363 719 1499 813 laqueis
1520 721 1709 812 implicitas
1734 719 1915 812 expedire,
1955 733 1992 793 et
2014 721 2107 792 mole

79 825 206 898 delibus
239 825 306 896 sub
328 825 442 914 specie
463 821 564 914 panis
592 823 741 908 etvini,
780 821 851 890 illis
881 820 1064 904 nimirum,
1114 819 1187 891 irae
1201 818 1270 891 Dei
1283 845 1416 914 pressas
1432 823 1606 894 consolari
1621 836 1655 892 et
1669 821 1803 911 erigere
1819 815 2017 914 debeam:
2050 821 2108 892 id-

81 924 218 1012 horest,
243 949 334 1018 pane
351 938 385 994 et
399 925 488 1008 ,vino
505 923 544 993 in
561 935 689 1015 corpus
713 937 747 993 et
767 921 974 1014 sauguinem
998 921 1063 990 do-.
1114 923 1207 994 circo
1221 937 1364 1014 peecata
1379 923 1501 994 saltem
1518 924 1648 1008 letalia,
1674 947 1827 1017 qnorum
1841 923 1921 1016 quis
1937 922 2006 992 sibi
2022 947 2108 992 con-

78 1029 153 1098 ruini
178 1025 424 1098 transmutatis
446 1039 480 1098 et
502 1023 842 1098 transsubstantiatis
855 1017 917 1119 ⁵⁰),
943 1022 1064 1092 distri·
1114 1025 1206 1096 scius
1228 1037 1279 1094 est
1308 1037 1343 1094 et
1366 1048 1456 1117 qnae
1478 1025 1729 1096 conscientiam
1751 1023 1954 1118 perplexam
1970 1011 2108 1112 tenent,

79 1133 216 1216 boatur,
252 1129 316 1224 qui
346 1121 452 1198 habet
475 1127 513 1196 in
536 1121 814 1198 bunemodnm:
848 1118 1008 1216 Accipite
1030 1137 1065 1194 et
1115 1138 1149 1196 et
1170 1139 1323 1216 angunt,
1356 1126 1556 1196 confitenda
1578 1140 1672 1202 sunt
1738 1123 1875 1196 Iustum
1903 1145 2050 1220 quoque
2074 1141 2109 1196 et

77 1233 278 1302 manducate
303 1255 343 1299 ex
368 1221 435 1297 hoc
459 1251 599 1312 omnes,
634 1219 702 1296 hoc
725 1241 777 1296 est
798 1249 925 1317 eorpus
944 1249 1062 1294 meum
1114 1241 1275 1298 sanctum
1289 1237 1357 1316 est,
1382 1241 1424 1300 ut
1436 1229 1480 1298 ad
1496 1227 1686 1298 minimum
1700 1227 1891 1322 quotannis
1906 1227 2014 1298 semel
2029 1227 2109 1322 qui-

76 1333 158 1426 quod
175 1355 244 1424 pco
263 1331 364 1400 vobis
378 1329 552 1417 tradetur}
580 1342 615 1400 et
631 1330 676 1397 ad
691 1327 854 1400 calicem:
879 1323 999 1398 Bibitc
1023 1351 1064 1395 ex
1114 1329 1204 1400 libet
1216 1353 1252 1399 se
1268 1327 1444 1399 curationi
1462 1329 1611 1421 pastoris
1626 1330 1680 1400 sui
1695 1329 1876 1413 subiiciat,
1901 1352 1972 1424 quo
1988 1341 2108 1422 pastor

76 1429 133 1504 boc
148 1457 305 1522 omnes„
319 1425 376 1502 hic
393 1443 443 1500 est
459 1431 555 1499 enim
568 1431 710 1520 sanguis
726 1451 826 1498 meus
848 1429 935 1498 novi
959 1441 1064 1498 testa·
1115 1431 1220 1500 fidem
1239 1443 1274 1528 et
1290 1431 1557 1501 conversionem
1571 1431 1771 1502 confitentis
1787 1431 1962 1524 exploret,
1985 1441 2020 1500 et
2042 1453 2108 1522 pro

77 1537 197 1620 menti,
228 1533 293 1628 qui
316 1554 380 1626 pro
405 1533 527 1604 multis
548 1530 745 1603 effunditur
761 1529 801 1601 in
819 1525 1063 1600 remissionem
1114 1553 1177 1604 sua
1203 1531 1391 1626 spirituali
1421 1533 1611 1628 prudentia
1638 1545 1672 1602 et
1697 1533 1864 1623 prudenti
1890 1531 2041 1604 arbitrio
2066 1553 2108 1602 ex

76 1651 304 1729 peccatorum.
1115 1633 1223 1704 verbo
1237 1633 1304 1704 Dei
1327 1634 1574 1720 informando,
1598 1634 1733 1704 morbis
1757 1633 1956 1704 confitentis
1978 1633 2108 1704 saluta·-

164 1736 397 1809 Elemeutum
414 1759 497 1805 vero
514 1749 566 1806 est
579 1735 681 1828 panis
695 1745 729 1802 et
744 1733 887 1818 vinum,
913 1732 958 1802 ad
975 1751 1064 1824 quae
1113 1760 1189 1806 rem
1197 1735 1416 1804 'medicinam
1430 1731 1613 1822 adhibeat,
1639 1729 1710 1805 huc
1731 1735 1827 1806 enim
1840 1735 1985 1826 respicit
2007 1759 2109 1828 para·

76 1865 148 1910 tntu
176 1839 313 1911 decedit
346 1838 494 1908 verbum
528 1837 568 1909 ftt
596 1835 881 1918 Sacramentum
924 1833 1065 1930 duobus
1114 1837 1197 1910 bola
1212 1839 1256 1906 de
1270 1835 1494 1909 Samaritano
1511 1835 1627 1908 Lucae
1644 1837 1703 1913 10,

75 1945 162 2012 enim
178 1937 245 2012 hoe
262 1953 519 2012 sacramentnm
539 1937 740 2022 coniicitur,
759 1933 894 2005 visibili
908 1936 1065 2004 elemen-
1214 1937 1281 2008 Vis
1306 1952 1426 2009 antem
1446 1934 1553 2010 huius
1570 1937 1790 2010 Sacramenti
1813 1950 1881 2024 est,
1914 1949 1953 2024 ut
1973 1935 2109 2006 intelli-

74 2059 182 2114 tornm
197 2045 333 2135 specie,
358 2054 394 2110 et
411 2037 585 2108 invisibili
604 2033 801 2133 eorpore⁵⁷)
826 2051 862 2107 et
882 2037 1065 2126 sanguine,
1114 2055 1214 2133 gant,
1240 2064 1305 2112 nee
1322 2041 1505 2125 dubitent,
1531 2041 1594 2134 qui
1612 2064 1654 2112 eo
1669 2040 1770 2131 signo
1793 2038 1995 2132 apeceetis,
2020 2060 2110 2130 qnae

72 2171 151 2238 quae
169 2142 241 2215 boc
257 2143 487 2218 Sacramenta
500 2163 581 2210 vere
597 2141 788 2211 etmaliter
802 2139 1064 2232 participamus.
1115 2145 1186 2214 inm
1202 2143 1358 2234 legitime
1372 2142 1523 2214 confessi
1539 2158 1642 2230 aunt,
1666 2141 1911 2222 absolvuntur,
1936 2153 1977 2209 et
1985 2134 2109 2210 Eccle-

164 2245 236 2314 Vi*
251 2241 362 2316 huit„
375 2242 594 2314 Sflfflmtssli
618 2257 689 2326 0⁸1,
713 2254 757 2312 ¹¹²
777 2263 842 2332 W
858 2239 1064 2310 Vitlffiffllfi·
1114 2245 1186 2318 siae
1208 2244 1506 2330 reconciliantur,
1534 2267 1573 2315 se
1595 2257 1821 2336 peecatorum
1842 2241 1995 2315 vinculis
2018 2239 2109 2310 libe-

72 2373 139 2418 cent
159 2370 304 2418 carnem
328 2343 512 2415 salvatoris
533 2344 647 2416 nostri
669 2341 751 2412 latu
765 2337 917 2426 Christi,
946 2341 979 2410 el
999 2363 1064 2410 ne-
1114 2349 1206 2430 rari,
1239 2359 1274 2418 et
1297 2340 1479 2418 Christum
1503 2345 1543 2414 in
1562 2347 1670 2416 coelis
1690 2357 1807 2416 ratum
1831 2339 1981 2426 habene,
2012 2341 2109 2436 quud

72 2451 148 2520 dum
171 2447 435 2542 spiritualiter,
468 2449 528 2516 sed
553 2459 588 2516 et
610 2444 841 2536 corporaliter
863 2443 1064 2532 iungamur,
1114 2449 1275 2520 minister
1289 2447 1364 2518 eius
1378 2448 1525 2518 nomine
1539 2449 1630 2536 gerit
1652 2449 1691 2518 in
1714 2446 1840 2532 terris,
1870 2439 1919 2518 Et
1938 2443 2108 2538 quoniam

72 2567 100 2622 et
121 2551 322 2622 efficiamur
344 2571 385 2618 os
404 2549 448 2618 de
470 2547 610 2618 ossibus
633 2547 728 2631 eius,
753 2558 789 2615 et
804 2569 884 2614 raro
899 2545 945 2613 de
959 2565 1063 2613 carne
1115 2562 1266 2642 potestas
1281 2549 1435 2620 clavium
1451 2571 1487 2618 an
1511 2549 1637 2635 latins,
1670 2561 1776 2642 qnnm
1798 2549 1844 2618 nd
1864 2545 2108 2618 remissionem

71 2655 157 2740 eius,
185 2651 386 2738 certificati,
411 2651 509 2744 quod
530 2651 569 2718 in
595 2649 672 2742 ipso
694 2642 838 2718 Chritlo
863 2644 943 2716 lesu
963 2667 1062 2714 ³⁰00·
1114 2664 1336 2745 peecatorum
1351 2649 1512 2742 porrigit,
1536 2651 1580 2720 de
1596 2651 1640 2720 iis
1656 2665 1776 2744 postea
1792 2649 1905 2718 surius
1923 2649 2093 2720 dicemus.

71 2757 223 2848 perimus
238 2754 482 2829 remissionem
496 2763 729 2844 peccatorum,
754 2749 841 2818 etin
856 2749 1065 2820 Sacramen-
1214 2751 1269 2824 De
1284 2752 1521 2824 satisfactione
1536 2777 1679 2846 qnoque
1692 2752 1892 2824 docendum
1906 2741 2030 2846 Μ’),
2054 2771 2109 2816 sa-

70 2873 102 2928 to
118 2859 291 2931 virtutem
310 2853 545 2944 restringendi
558 2849 879 2943 concupiscentiam
894 2849 933 2918 in
952 2873 1065 2918 mem·
1114 2855 1349 2926 tisfactionenr
1370 2853 1652 2946 propitiatoriam
1668 2855 1808 2945 culpae,
1833 2865 1869 2922 et
1884 2850 2110 2922 abolitoriam

69 2961 138 3030 bris
163 2959 298 3030 nostris
319 2937 541 3041 baerentem3
564 2953 809 3027 dulcissimum
828 2963 919 3021 cette
935 2949 1065 3042 pignus
1114 2970 1277 3028 aeternae
1304 2977 1457 3048 poenae,
1494 2955 1563 3026 soli
1593 2951 1737 3028 Christo
1767 2953 1992 3024 tribuendam
2026 2943 2110 3034 esse,

70 3061 286 3132 remissionis
299 3071 540 3152 peccatorum,
565 3057 659 3126 vitre
683 3067 863 3138 aeternae,
896 3065 932 3124 et
954 3051 1065 3123 socie-
1115 3059 1388 3130 satisfactionem
1414 3081 1499 3128 vero
1523 3053 1762 3140 Canonicarn‚
1795 3079 1886 3150 quae
1908 3068 1942 3124 et
1962 3054 2110 3143 castiga·

70 3166 145 3234 tatis
170 3185 252 3237 cum
272 3161 350 3235 Deo
378 3158 481 3231 nobis
500 3157 538 3228 in
561 3149 705 3230 Chtisto
731 3154 923 3246 promissae
946 3167 980 3224 et
1005 3177 1062 3224 ett-
1115 3161 1207 3232 toria
1229 3159 1301 3230 dici
1319 3171 1451 3251 potest,
1484 3184 1503 3228 a
1526 3153 1690 3250 parochis
1712 3171 1746 3230 et
1771 3155 1980 3250 praepositis
1995 3177 2109 3224 sacra.

72 3261 215 3338 lribitae·
1115 3275 1318 3335 mentorum
1340 3273 1540 3352 acceptam,
1573 3274 1669 3332 etex
1693 3259 1782 3352 fide,
1807 3271 1982 3350 peractam
2006 3279 2110 3348 prae-

526 3359 606 3432 XV·
1116 3365 1301 3436 teritorum
1319 3375 1543 3454 peccatorum
1559 3383 1680 3432 causas
1694 3361 1899 3444 excindere,
1924 3371 1960 3428 et
1977 3358 2109 3460 peccati

117 3483 174 3548 De
195 3475 415 3546 sacrameto
426 3455 672 3538 'Paenitentioe
691 3493 748 3536 seu
770 3469 1015 3536 Absolutionr's.
1115 3464 1275 3558 reliqniis
1306 3463 1461 3548 mederi,
1503 3463 1752 3554 temporariam
1782 3484 1923 3555 quoque
1957 3483 2109 3550 poenam

167 3583 287 3656 Huius
308 3579 526 3654 sacramenti
561 3580 706 3647 verbum
739 3575 842 3650 Matt.
859 3573 934 3648 ta:
962 3573 1064 3664 Quae
1114 3591 1179 3638 seu
1193 3563 1319 3636 tollere
1333 3587 1395 3634 seu
1410 3562 1591 3654 mitigare,
1617 3563 1868 3654 inexemplum
1883 3557 2036 3652 denique
2052 3583 2110 3630 re-

70 3687 262 3778 ligaveritis
277 3707 382 3776 super
398 3695 547 3765 terram,
572 3694 678 3748 erunt
700 3677 804 3767 ligata
829 3677 1009 3760 incaelis,
1031 3690 1065 3747 et
1115 3681 1167 3740 cte
1189 3663 1363 3738 adhiberi.
1414 3663 1600 3754 Caeterum
1622 3689 1820 3758 poenarum*
1836 3661 2110 3734 reservationem

70 3815 158 3885 qnae
175 3783 368 3870 solveritis,
395 3797 500 3854 erunt
517 3783 631 3854 soluta
654 3779 739 3850 etin
757 3779 872 3850 coelis.
922 3771 1064 3850 Etlob.
1115 3771 1294 3840 neminem
1326 3769 1371 3836 ad
1394 3767 1572 3856 integrum
1594 3789 1715 3852 uusse,
1749 3765 1821 3836 nisi
1844 3759 2029 3869 Cbristum
2054 3759 2111 3832 Ie-

69 3897 129 3968 20.
149 3891 317 3982 legimus:
345 3883 460 3970 Haec,
492 3883 610 3978 inquit
625 3877 871 3970 Evangelista‚
903 3903 985 3950 cnm
1006 3879 1065 3949 di·
1100 3889 1213 3956 sum,
1238 3869 1296 3940 eui
1309 3881 1409 3960 pater
1425 3891 1531 3938 omne
1546 3867 1719 3938 iudicium
1739 3867 1854 3952 dedit,
1876 3879 1909 3936 et
1925 3877 2110 3957 propterea

71 3997 172 4066 auset
190 3993 307 4076 lesus,
332 3985 529 4057 insufflavit
545 3985 584 4053 in
600 3983 809 4078 Apostolos,
835 3993 872 4051 et
897 3981 986 4052 dixit
1004 3981 1065 4068 eis,
1113 3993 1309 4066 poenarum
1332 3969 1586 4040 discussionem
1610 3983 1644 4044 et
1667 3983 1826 4042 exactum
1849 3967 2022 4038 iudicium
2044 3965 2109 4036 soli

72 4095 226 4190 accipite
253 4087 427 4186 Spiritum
457 4099 637 4170 sanctum,
679 4107 831 4178 quorum
858 4081 1064 4153 remiseritis
1114 4075 1191 4149 Deo
1207 4073 1484 4188 relinquendum
1503 4093 1589 4147 esse.

71 4213 232 4290 peecata,
261 4189 486 4263 remittentur
509 4187 579 4276 eis,
606 4199 640 4261 et
662 4209 814 4278 quorum
837 4183 1065 4270 retinueritis,

72 4286 202 4372 retenta
219 4311 336 4368 eruut.
389 4289 548 4360 Verbum
565 4313 648 4358 sane
675 4287 773 4356 omui
795 4285 965 4357 suavitate
987 4285 1065 4378 ple·
1352 4315 1357 4333 ·
1558 4269 1660 4352 XVI,

72 4426 155 4470 rmm
175 4413 210 4470 rt
232 4395 457 4476 redundans,
489 4415 560 4486 quo
589 4387 738 4460 mirifice
766 4389 952 4480 eriguntur
977 4411 1065 4456 eon-
1353 4401 1410 4467 ῃ,
1430 4413 1637 4466 ,mmm
1658 4381 1876 4464 mmm-,3

71 4501 232 4574 “imme
248 4499 429 4589 ¹³P⁸⁰mm
452 4508 529 4586 {³⁰⁸¹
543 4489 783 4608 Baptismunff’
807 4487 936 4584 qnibm
961 4487 1064 4580 impii
1216 4519 1329 4594 Porro
1358 4519 1580 4594 matrimonii
1603 4523 1869 4593 Sacramentum
1894 4519 1978 4591 solis
2002 4513 2112 4590 Chri—

72 4601 259 4675 Novatiaui
284 4595 599 4716 poenitentiarum
620 4587 780 4712 beclesra
803 4591 957 4660 dandam
981 4613 1066 4676 esse,
1115 4622 1428 4718 manispemfim
1446 4637 1507 4709 est,
1521 4649 1584 4722 qm
1601 4621 1997 4694 schmtmmimonimn
2014 4619 2110 4714 quod

72 4702 272 4800 blasphema
292 4701 330 4770 in
338 4697 407 4770 Der
421 4695 699 4767 maserrcordram
715 4717 820 4778 voce,
836 4703 1065 4782 negaverunt.
1115 4726 1155 4795 in
1168 4723 1236 4796 Dei
1260 4739 1294 4796 ,t
1316 4720 1452 4796 Christi
1474 4726 1619 4795 nomine
1640 4723 1802 4814 pungitur
1822 4737 1857 4796 et
1877 4716 2112 4802 contrahitur,

168 4793 546 4920 Elemenmmf‘ffmoed
560 4809 612 4868 θεῖ
628 4796 718 4915 ¹5¹}ss
734 4794 795 4914 {¹¹⁶
809 4793 971 4876 ‘nerim’
993 4817 1064 4912 {1¹¹9
1114 4825 1223 4899 nnius
1239 4828 1308 4896 viri
1324 4821 1480 4898 etunius
1496 4827 1670 4896 foeminae
1685 4837 1841 4896 sanctam
1856 4839 1891 4897 et
1903 4837 2017 4896 ratam
2037 4845 2111 4892 esse

75 4909 275 5002 impartitur
295 4917 331 4976 et
344 4915 515 4994 accrprtur
533 4899 711 4970 absolutio
734 4920 773 4966 m
794 4889 1066 4980 verboCbcrstr,
1114 4929 1433 5013 confflncfionem,·
1472 4926 1718 4998 benedictione
1765 4937 1801 4996 e,
1848 4917 2110 4998 consecratio&

107 5101 145 5168 56)
167 5099 271 5155 varan
287 5097 344 5150 dtu
355 5095 508 5156 rrimr'rrcm,
524 5093 633 5146 troam
649 5097 702 5146 stc·
723 5085 840 5159 margini
859 5083 923 5141 libri
935 5083 1063 5140 Ratirbo-
1113 5025 1248 5102 Christi
1271 5029 1449 5100 firmatum
1463 5023 1524 5122 ⁸⁹),
1558 5029 1654 5122 quod
1679 5053 1754 5100 ¹¹⁰⁰
1778 5028 1826 5098 ita
1848 5029 1888 5096 in
1913 5025 2110 5095 infidelium

135 5189 185 5226 nse
196 5169 308 5224 demum
320 5163 454 5234 adscripta
467 5167 494 5214 el
508 5158 590 5214 textui
609 5158 712 5214 inserts
728 5165 801 5210 sunt.
840 5153 902 5210 Vid.
916 5171 958 5225 ep.
971 5153 1063 5208 'sbro-

136 5241 261 5322 logornm
277 5235 310 5288 ad
324 5231 494 5287 Friderirnnr
507 5225 640 5349 taletkd.
656 5223 838 5348 10)ιὲἰὶιίἑῶ
862 5221 1064 5345 (ῧῑίὲἓᾝξ
1146 5235 1177 5296 tt)
1195 5233 1471 5360 ”HR-lmd‘imm
1483 5233 1756 5360 exbibnfinlrnbmom
1767 5231 1897 5306 seriptum
1919 5229 2054 5304 signatum
2077 5229 2110 5286 li-
2201 5285 2205 5292 ,

135 5295 696 5438 ffiffisspfuffindssdnm’bgbbtdin
712 5361 764 5416 tt*
854 5311 871 5366 P
1146 5315 1281 5444 *0ςοῖοο
1300 5321 1553 5426 ιιιίιῗιὲιίιιιιιὲἷξιιιιῃ
1567 5323 1730 5428 rodebtad'tbd
1752 5368 1930 5426 exbibuerunt
1943 5385 2021 5422 sunm
2041 5367 2109 5421 erti-

105 5457 148 5526 aa>
165 5457 235 5516 Bes.
246 5463 275 5510 et
287 5451 354 5508 net.
370 5449 504 5506 metridati
514 5445 628 5502 dombrt
637 5445 731 5500 nostri
740 5442 808 5498 Iesu
821 5443 1038 5498 Clerr'rtionrm.
1180 5445 1293 5508 cutem,
1311 5437 1446 5562 ιίἒωιιιιι
1460 5437 1537 5494 litera
1547 5389 1605 5498 di?
1639 5441 1711 5496 Nota
1724 5455 1810 5510 marg.
1825 5439 1852 5494 in
1868 5435 1936 5492 atet.
1954 5437 2029 5508 Opp.

106 5527 147 5595 58)
165 5541 232 5582 vero
244 5521 344 5580 assidit
355 5539 399 5594 ap.
412 5517 496 5574 Perre·
1147 5507 1197 5582 59)
1214 5509 1283 5564 Bne.
1297 5517 1323 5562 et
1362 5505 1581 5576 obfirmatam.
