4834 6268
800 26 1040 84 ‘ww-⁴
1083 1 1108 46 ⁰-

275 309 348 404 Μ’
835 317 1275 404 EPISTOLARUN
1324 321 1434 404 ΜΒ.
1460 321 1563 400 Vlll.
1613 319 1747 406 1641.
2253 329 2299 408 8!
2413 325 2414 328 ‘

275 523 415 574 canum
436 515 511 572 non
527 497 696 570 iniustam
719 519 858 568 mecum
880 495 1147 586 expostulandi,
1172 493 1270 588 quod
1318 517 1446 568 manus
1467 495 1541 568 dici
1561 495 1669 582 solet3
1702 495 1764 569 sed
1792 519 1875 568 cum
1898 490 1970 570 hoe
1992 491 2223 592 sophisticum
2248 499 2301 588 sit,

275 606 321 678 de
337 597 447 676 huius
469 613 666 670 conventus
685 597 836 690 negotiis
856 597 902 668 ad
924 611 958 668 te
980 597 1138 690 parcius,
1162 617 1269 690 mam
1318 621 1393 667 non
1414 619 1607 692 punimus
1617 597 1776 674 reticete.
1825 594 1892 670 Ea
1911 600 2008 672 enim
2029 599 2122 674 mus
2136 599 2302 674 calliditas

276 705 406 788 velles,
431 702 653 796 scripserim,
680 727 719 772 ac
735 725 780 774 ne
793 701 946 792 cogitare
959 711 994 771 te
1007 700 1154 794 quidem
1169 719 1271 790 posse
1318 699 1358 770 in
1374 700 1556 773 vocabulis
1569 699 1712 772 formali
1728 711 1765 770 et
1778 699 1973 782 materiali,
1996 703 2044 772 de
2058 725 2134 796 quo
2147 702 2217 772 um
2232 703 2302 794 agi-

157 875 163 886 ,
277 807 449 888 arbitror,
483 817 536 876 tot
558 827 626 878 nos
647 803 741 884 dlcs‚
774 803 847 872 imo
869 823 1025 886 menses,
1055 797 1115 874 hic
1137 801 1270 870 otiosos
1318 813 1388 888 tur,
1413 815 1454 872 ut
1468 801 1562 872 clare
1577 813 1924 878 etcmtostetuatnr.
1967 802 2063 876 sits
2079 801 2151 889 iret,
2174 817 2303 896 etspe-

277 907 523 986 consums'ssse,
550 917 766 1000 quapropter
781 903 965 997 prolixam,
990 902 1056 974 etsi
1070 925 1189 972 veram
1203 924 1271 994 po-
1318 926 1379 988 ro,
1403 904 1521 978 editus
1534 902 1639 974 nobis
1653 903 1758 974 valde
1770 905 1980 976 oomutodus
1993 919 2046 976 est
2057 905 2171 983 factus
2188 907 2234 978 ad
2248 931 2303 978 ar·

278 1011 440 1090 tuissem,
464 1021 582 1078 tamen
598 1007 855 1078 excusationem
873 1017 991 1078 texere
1007 1003 1143 1076 nullam
1161 1002 1270 1076 volni.
1319 1005 1468 1078 ticulum
1490 1007 1536 1078 de
1556 1005 1815 1078 iustificatione.
1867 1003 2003 1078 Vemm
2015 1003 2143 1103 num‘)
2159 1009 2206 1080 sit
2225 1031 2306 1100 pm-

279 1111 432 1194 Vemm,
457 1133 538 1204 cnm
558 1133 649 1202 quse
670 1109 709 1178 iu
727 1109 950 1178 undecimam
969 1131 1082 1200 usque
1104 1105 1271 1198 septima-
1319 1129 1520 1198 gressumm
1541 1107 1778 1201 colloquium,
1810 1108 1916 1180 valde
1936 1108 2153 1187 dubitamus.
2202 1107 2306 1184 Venit

279 1238 361 1286 nam
378 1225 452 1284 acta
470 1225 570 1292 sunt,
595 1211 684 1282 tanti
708 1209 885 1280 momenti·
903 1213 976 1279 nola
999 1209 1088 1294 sint,
1109 1221 1150 1278 nt
1173 1207 1271 1278 adse
1319 1209 1415 1280 enim
1438 1204 1506 1280 hoc
1526 1209 1687 1300 vesperi,
1710 1221 1752 1280 nt
1770 1209 1891 1296 aiuut,
1914 1201 2060 1282 Cacsar
2080 1209 2240 1306 Spiram,
2263 1213 2306 1284 ad

279 1315 493 1408 perscribere
517 1313 709 1397 voluerim,
732 1311 803 1382 nisi
826 1324 860 1382 et
879 1305 971 1380 mihi
990 1311 1058 1402 ipsi
1082 1309 1270 1382 scribendo
1320 1333 1425 1406 quem
1440 1311 1622 1403 proficisci
1642 1301 1833 1386 Gronvelo
1855 1332 1996 1384 necesse
2014 1313 2093 1388 erit.
2156 1309 2307 1407 Reliqua

161 1399 171 1420 ⁸
279 1431 314 1489 et
329 1417 393 1488 tibi
412 1417 558 1506 legendo
581 1415 751 1486 molestus
765 1413 958 1484 admodum
977 1433 1051 1482 esse
1066 1413 1270 1490 voluissem,
1319 1437 1360 1484 er
1374 1407 1611 1484 Strudels‘oet
1626 1413 1775 1484 domino
1791 1411 2161 1490 Cancellerioaudies.
2201 1412 2310 1486 Com-

279 1541 394 1612 ueque
419 1517 515 1586 enim
537 1517 726 1610 quicquam
745 1529 862 1587 actum
878 1527 947 1600 est,
973 1537 1080 1608 quam
1096 1515 1191 1608 quod
1207 1535 1271 1581 va-
1318 1516 1450 1586 meodo
1465 1513 1534 1586 tibi
1545 1515 1862 1596 ecclesissnostras
1880 1518 2077 1588 etdomun
2090 1539 2218 1591 meam
2265 1513 2310 1594 D.

279 1621 343 1692 riis
362 1620 523 1712 undique
544 1618 661 1690 modis
678 1617 803 1688 tentati
826 1639 968 1696 snmus,
994 1629 1035 1686 ut
1055 1615 1269 1708 acolloquio
1318 1607 1540 1714 Philippus,
1564 1615 1609 1690 D.
1627 1609 1821 1711 Crucigcr,
1846 1615 1892 1692 D.
1909 1609 2135 1705 Chilionus,
2164 1615 2312 1692 Camu-

278 1721 441 1792 instituto
456 1719 735 1801 deterreremur,
761 1718 863 1788 dabis
879 1719 1016 1788 veniam
1037 1713 1146 1799 mihi,
1172 1715 1270 1808 quod
1319 1717 1429 1790 larius
1455 1733 1490 1790 et
1514 1713 1726 1816 Delieins‘)
1760 1743 1883 1790 omnes
1914 1721 2007 1790 bene
2032 1721 2174 1807 valent,
2210 1733 2311 1814 thoe

277 1826 324 1996 fle
342 1822 512 1912 negotiis,
539 1845 629 1914 quae
645 1821 743 1890 nulla
766 1839 910 1914 prorsus
926 1819 1089 1902 fuerunt,
1114 1813 1206 1887 nihil
1223 1817 1271 1886 ti-
1319 1834 1480 1892 amanter
1499 1819 1666 1896 salutant.
1716 1819 1894 1894 Dominus
1912 1809 2090 1917 Crociger
2103 1845 2248 1918 quoqne
2263 1835 2314 1893 est

305 1928 315 1995 i
331 1925 520 2020 quicquam
534 1921 741 2014 significavi.
790 1920 924 2010 Scripsi
948 1933 1066 1990 tamen
1089 1922 1134 1988 ad
1151 1936 1186 1992 tc
1199 1932 1272 1990 ter-
1320 1923 1490 2016 colloquii
1504 1923 1685 2004 notarius,
1711 1935 1748 1996 ct
1766 1937 1913 2016 propter
1934 1924 2184 2018 occupationes
2205 1937 2240 1996 et
2259 1923 2314 1996 iu-

279 2027 349 2112 tio,
374 2040 408 2096 et
430 2025 592 2096 libellum
616 2023 753 2094 domini
771 2013 1002 2119 Philippicis
1021 2019 1191 2116 coniugs'o
1205 2043 1269 2090 sn·
1320 2025 1474 2096 ramenti
1506 2025 1715 2115 religionem
1749 2047 1825 2096 non
1851 2038 1984 2119 potest,
2019 2027 2084 2098 etsi
2110 2025 2217 2112 velit,
2250 2023 2315 2098 tibi

281 2123 482 2208 cardetum,
520 2120 562 2196 de
594 2121 775 2196 abusibus
808 2115 936 2196 eocnn'c
970 2117 1192 2204 dominicae,
1229 2115 1272 2190 ds
1320 2127 1485 2202 scribere.
1534 2124 1609 2198 Nec
1623 2117 1805 2226 Philippo
1819 2141 1931 2202 vacat.
1983 2125 2108 2222 ltaque
2128 2149 2198 2200 nos
2213 2149 2317 2199 mcu-

278 2229 444 2328 prs'mnlo
465 2251 587 2324 popae
608 2251 730 2298 recens
756 2225 890 2296 editum
912 2223 1012 2312 misi,
1041 2226 1181 2320 quaesi
1204 2224 1272 2294 tibi
1321 2223 1588 2304 satoshahebis.
1635 2223 1846 2316 Benenate,
1870 2231 1930 2300 die
1943 2225 2097 2303 Antonii
2115 2227 2232 2304 1641.

281 2331 419 2402 reddita
435 2353 508 2400 non
527 2343 630 2414 sunt,
654 2317 767 2398 cisiror
781 2327 896 2402 valde.
947 2323 1001 2398 Ac
1023 2327 1136 2398 miror
1156 2327 1271 2398 multo
1835 2345 1939 2420 Tuus
1953 2343 2085 2421 [ustus
2099 2323 2271 2424 Mensa-,2

281 2433 387 2504 etiam
404 2431 523 2524 magis,
549 2431 646 2526 quod
664 2432 709 2500 ad
725 2451 790 2500 nos
805 2430 912 2500 semel
926 2441 1065 2502 tautum
1081 2429 1273 2522 scripseris,

281 2558 370 2630 quos
392 2533 457 2604 scis
474 2535 518 2602 dc
543 2545 603 2604 tua
619 2533 732 2604 salute
755 2531 976 2624 periclitante
996 2531 1167 2603 sollicitos
1182 2531 1271 2602 adeo

280 2661 365 2710 esse.
415 2631 464 2706 Et
480 2635 625 2728 quidem
643 2628 750 2708 Dom.
775 2625 999 2726 Philippus,
1030 2657 1172 2730 unaque
1191 2657 1273 2704 cum
1332 2685 1390 2758 Nd
1418 2685 1516 2758 ΗΜ
2146 2691 2214 2772 (¹7
2243 2685 2323 2768 lm)

281 2735 358 2834 (eo)
379 2759 445 2808 nos
460 2761 582 2807 omnes
599 2735 642 2806 de
663 2749 698 2807 te
713 2735 815 2806 valde
837 2735 980 2806 solliciti
994 2759 1134 2822 sumus,
1159 2759 1273 2830 quan·
1321 2732 1532 2822 *Aa-..⁰
2145 2733 2320 2814 ..2⁸2
2413 2817 2414 2828 χ

282 2863 388 2938 q11am
418 2861 620 2932 speramus,
653 2851 687 2910 te
711 2837 952 2910 convalescere
976 2837 1140 2936 coepisse.
1198 2835 1273 2908 Nos
1584 2865 1747 2952 Forma
1773 2847 2040 2954 Concordiae

281 2943 340 3014 dei
373 2939 545 3012 beneficio
574 2963 698 3010 omncs
728 2935 846 3012 adhuc
877 2953 970 3012 recte
995 2939 1174 3026 valemus,
1208 2937 1274 3009 etsi
2043 2928 2053 2948 ⁹

282 3067 345 3134 ego
377 3041 514 3136 aliquot
545 3042 621 3112 dics
654 3041 901 3128 decubuerim3
937 3055 973 3112 at
1002 3037 1069 3112 Dei
1103 3039 1274 3112 beneficio
1391 3001 1502 3106 aditura
1517 3049 1546 3104 tn
1559 3049 1601 3104 10.
1616 3047 1692 3132 lictis
1700 3046 1831 3172 ffologia
1844 3045 2123 3130 pao-principiam
2136 3047 2327 3131 omousia-
2412 3025 2414 3050 ⁴

282 3145 459 3218 eman
1425 3117 2328 3270 clamasses.amasaeorum

382 3277 449 3349 nie
471 3271 766 3348 Xllll.1anuarii
787 3275 1005 3368 colloquium
1029 3279 1171 3348 tandem
1196 3301 1277 3346 coe-
1427 3251 2128 3397 Jmm}:gjgffidssffieff-diqgiffi
2142 3256 2257 3382 131ss
2272 3257 2330 3330 ἰν·

283 3395 384 3474 ptum
408 3393 478 3464 est,
510 3403 550 3450 ac
573 3373 681 3448 hodie
704 3393 818 3448 sumta
840 3377 1032 3470 disputatio
1057 3380 1101 3450 dc
1127 3379 1275 3448 articulo
1955 3412 1960 3418 -

282 3483 416 3576 peccati
432 3481 635 3571 originalis3
663 3493 794 3550 etcum
810 3503 935 3572 pamm
954 3479 1056 3566 absit,
1078 3482 1167 3574 quin
1183 3481 1277 3552 inter
1324 3477 1469 3556 Forma
1493 3477 1706 3556 concordias
1727 3481 1768 3554 in
1792 3475 1962 3554 doctrina
1985 3475 2028 3554 ds
2041 3491 2196 3580 peccato
2214 3481 2334 3580 origi-

283 3600 469 3678 utramquc
491 3597 625 3676 partem
643 3595 856 3654 conventum
873 3581 935 3666 sit,
960 3581 1031 3652 iarn
1046 3583 1141 3675 apud
1159 3595 1277 3652 orato·
1326 3584 1413 3656 noli
1419 3641 1430 3674 ,
1454 3583 1646 3685 proposito
1661 3582 1698 3678 (a
1713 3579 1925 3684 Catholicis)
1946 3583 1986 3654 s'n
2003 3591 2184 3657 conventu
2208 3583 2334 3660 Wor-

284 3711 360 3758 rem
392 3683 603 3756 Caesareum
641 3683 809 3754 dominus
845 3675 1066 3782 Philippus,
1104 3679 1277 3766 Boletos,
1600 3761 1604 3778 ⁵
1782 3693 1873 3760 mot.

284 3783 425 3858 Eclios
451 3800 485 3856 et
507 3785 749 3874 strffragaueus
773 3783 1010 3876 Moguntinus
1033 3800 1069 3857 et
1098 3789 1142 3856 de
1172 3787 1278 3879 plena
1325 3803 1502 3894 pateamr
1530 3821 1694 3894 unanimi
1722 3817 1935 3916 consensu')

285 3889 533 3962 conciliatione
543 3885 569 3978 ι)
586 3901 714 3976 agunt,
740 3911 805 3956 nec
821 3887 1009 3980 quicquam
1023 3901 1074 3958 cst
1088 3889 1279 3982 reliquum,
1765 3903 1769 3911 '
1945 3875 1957 3908 '

285 4015 392 4088 quam
426 4003 467 4058 ut
499 3991 665 4082 utrinque
697 4001 870 4072 statuant,
904 3991 1022 4060 sintne
1055 3991 1174 4062 morbi
1199 4003 1278 4081 post

286 4093 501 4186 baptismum
534 4089 664 4184 reliqui
699 4103 879 4180 peccatum
915 4091 1145 4178 nominandi,
1182 4105 1280 4184 post-

286 4217 393 4290 quam
418 4195 457 4262 in
483 4193 656 4284 baptismo
681 4186 806 4284 (homo
833 4191 899 4284 est)
922 4189 1124 4288 renatus¹),
1160 4208 1195 4265 ct
1216 4215 1281 4286 per

215 4355 222 4362 .
288 4295 532 4368 remissionem
550 4289 741 4386 ablutae).
792 4287 933 4364 Ecdius
950 4295 1133 4378 concedit,
1158 4317 1281 4388 pecca·

287 4413 363 4470 tum
380 4394 528 4486 originis
543 4419 624 4468 vere
639 4395 752 4466 inesse
773 4395 940 4468 omuibus
956 4389 1057 4468 Adae
1072 4397 1156 4466 liliis
1176 4411 1282 4468 natu-

1987 3845 2115 3894 omncs
2140 3825 2191 3896 ab
2216 3823 2339 3898 Adam

1327 3937 1537 4020 propagatos
1552 3927 1746 3996 secundum
1762 3925 1873 4014 legem
1889 3948 2116 4016 cqmmunem
2133 3927 2242 3998 nasci
2256 3953 2338 4000 cum

1328 4041 1469 4120 peccato
1493 4025 1678 4116 originali,
1712 4039 1746 4096 et
1769 4027 1817 4096 ita
1841 4025 1880 4094 in
1906 4027 1958 4096 ira
1979 4023 2058 4100 Dei.
2119 4023 2193 4100 Est
2217 4045 2342 4102 autem

1329 4143 1507 4222 peccatum
1522 4127 1695 4218 originale
1711 4127 1862 4196 carentia
1877 4127 2032 4198 iustitiae
2049 4127 2262 4222 originalis,
2278 4137 2343 4203 dc-

1329 4231 1423 4300 bitae
1440 4231 1564 4314 inesse,
1590 4226 1710 4322 cum¹)
1726 4229 2021 4320 concupiscentia.
2070 4228 2345 4306 Consentimus

1330 4333 1446 4418 etiam,
1470 4331 1509 4400 iu
1523 4331 1699 4423 baptismo
1716 4331 1851 4401 remitti
1866 4343 2002 4402 reatum
2016 4335 2158 4423 peccati
2176 4337 2346 4428 origina-

346 4499 354 4516 ,
595 4495 605 4513 ,
1110 4499 1147 4516 ,,
1330 4435 1374 4502 lis
1405 4457 1486 4504 cum
1506 4433 1675 4503 omnibus
1697 4433 1847 4526 pcccatis
1870 4455 1936 4525 per
1956 4433 2129 4504 merimm
2161 4439 2349 4530 passionis
2412 4455 2413 4502 Τ

288 4499 411 4572 ralrter
425 4511 644 4590 propagatas,
669 4509 704 4566 et
720 4510 838 4566 tamen
856 4499 1211 4582 morbumetyrtrum
1229 4499 1280 4568 le-
1330 4531 1478 4610 Christi·
1545 4532 1693 4606 Manere
1717 4547 1855 4618 amem,
1888 4558 1963 4604 non
1985 4535 2104 4610 ,olum
2127 4541 2349 4634 apostolicis
2412 4527 2413 4543 ¹

288 4601 480 4692 gidivinae
502 4619 701 4690 repugnans
720 4598 896 4692 reliquum
913 4621 1074 4685 manere,
1099 4603 1281 4694 quodeta
1331 4637 1514 4730 mimum
1537 4637 1599 4708 “d
1620 4636 1695 4728 ip„
1723 4637 1829 4706 etiam
1852 4637 2065 4730 ‘mimia
2089 4639 2199 4714 dmi
2233 4644 2351 4719 ‘emi‘

289 4717 430 4798 peccato
465 4713 582 4772 ortum
616 4699 684 4784 sit,
718 4714 753 4820 et
786 4715 926 4792 peccata
960 4703 1110 4776 actualia
1143 4703 1282 4782 efficiat,
1331 4735 1446 4836 musa)
1461 4737 1801 4831 concupiscentiam,
1821 4737 2169 4835 viriumqnamt„
2187 4745 2351 4817 iufirmi-

289 4808 448 4898 adeoque
476 4815 658 4894 peccatum
683 4801 932 4896 aliquomodo
962 4805 1134 4898 appellari
1155 4817 1283 4897 posset,

290 4905 592 5002 quemadmodum
607 4903 752 4996 scriptio
770 4927 831 4974 scu
847 4899 1122 5000 chirographum
1138 4905 1284 4978 alterius

295 5091 516 5110 ---···
1367 5077 1397 5142 4)
1415 5073 1579 5140 Codcsan,
1595 5075 1672 5148 qnod
1684 5075 1818 5136 mendosa
1831 5077 2018 5136 videturesse,

325 5191 512 5317 llffil’iffl
527 5197 582 5244 ‘m
606 5197 634 5244 a
647 5191 683 5244 ἅ
694 5191 783 5258 pm
795 5191 913 5248 mm
923 5193 1052 5256 'm’
1069 5209 1138 5264 qm
1153 5192 1284 5252 mm
1368 5161 1403 5316 dd
1415 5161 1568 5314 ἔτηξεν]
1579 5243 1649 5302 set.
1664 5253 1692 5300 et
1707 5247 1770 5302 sed.
1786 5251 1934 5304 senentio.

325 5347 353 5418 η
371 5347 442 5403 Ced.
456 5355 561 5400 tantum
578 5353 680 5412 adress
697 5345 744 5402 sed
759 5347 804 5404 sis
820 5345 952 5418 dubium,
965 5337 1101 5422 'metam
1117 5349 1245 5408 excidisse
1259 5363 1286 5408 et
1369 5333 1400 5402 ²)
1418 5335 1494 5398 ΝΜ]
1507 5333 1569 5390 eod.
1586 5344 1623 5390 et.

361 5414 667 5470 renotusscribcndum
680 5433 748 5470 esse.
1369 5419 1399 5488 d)
1416 5421 1624 5474 umimmnou
1637 5419 1816 5476 hminem.

325 5499 354 5570 Β)
369 5497 439 5554 cot.
452 5497 580 5560 odinum
598 5497 674 5572 qnod
687 5497 817 5556 mendum
830 5499 927 5558 habea
1370 5505 1399 5572 4)
1416 5505 1534 5574 uirium]
1547 5503 1613 5562 net.
1628 5506 1737 5560 nimian.
