4856 6266
876 44 962 78 ψ...
993 46 1081 84 *0ae

288 361 336 436 19
841 345 1282 430 EPISTOLARUM
1333 344 1440 420 ΗΒ.
1477 342 1580 424 tht.
1633 339 1768 425 1541.
2275 345 2329 420 20

286 534 414 606 morbo
441 551 639 624 repugnare
660 525 844 620 diligentia
868 507 1097 612 deberemus,
1130 535 1164 594 et
1186 516 1284 592 Deus
1329 540 1429 602 mus,
1454 539 1501 587 ne
1523 539 1609 586 voce
1625 513 1784 586 dicerent
1805 517 1997 592 sententias
2021 530 2094 590 tres
2117 514 2195 603 illi,
2218 530 2283 588 aut
2298 517 2331 588 si

149 633 165 640 ἡ
266 635 376 708 4νεὶῑῑ
398 631 507 706 huius
530 629 732 702 certaminis
757 621 1000 725 ἀγωνοθέτας
1024 647 1097 696 εεεε
1120 619 1285 693 homines
1331 619 1395 714 qui
1415 618 1478 688 alii
1499 616 1694 688 dissensuri
1718 631 1834 689 essent
1849 642 1870 688 a
1887 619 2022 690 maiore
2036 641 2201 694 numero.
2252 615 2332 690 Aut

290 739 413 808 doctos
441 733 647 827 praesertim
681 725 905 819 Theologos,
947 749 1053 820 quam
1087 723 1285 796 detestandi
1330 717 1400 790 boc
1413 721 1679 792 concedendurn
1697 731 1759 790 aut
1773 721 1978 794 abeundum
1993 733 2079 796 erat.
2130 717 2236 790 Nacti
2250 743 2332 790 era-

291 851 374 910 sunt
408 836 567 929 plerique
600 834 717 904 verius
735 821 929 926 Cyclopes,
964 853 1070 922 quarn
1097 822 1286 913 Theologi,
1332 845 1412 892 mus
1428 821 1647 894 occasionem
1661 821 1899 917 abrumpendi
1913 823 2022 894 totius
2042 821 2178 914 negotii
2191 817 2251 892 bic
2272 822 2333 892 in-

291 941 355 1036 qui
373 935 441 1010 hoc
465 938 583 1032 ipsum
602 935 759 1006 studium
784 931 1007 1024 aspiciendae
1030 943 1176 1000 naturae
1200 949 1288 998 con·
1333 923 1459 998 stituti.
1517 921 1641 1016 ltaque
1672 923 1817 997 luerunt
1847 925 2061 1012 certamina,
2092 937 2214 997 utrum
2242 938 2334 994 esset

292 1054 477 1125 temnunt,
503 1061 568 1109 nec
591 1037 663 1108 alia
681 1037 776 1106 bona
797 1033 1053 1127 praestantiora
1076 1043 1138 1101 aut
1154 1029 1288 1112 vident,
1333 1025 1473 1098 utilius:
1509 1023 1687 1118 disputavi
1708 1023 1748 1093 in
1760 1039 1937 1122 utranque
1956 1040 2110 1118 partem,
2133 1025 2193 1096 vel
2211 1025 2334 1119 potius

293 1157 355 1215 aut
377 1141 578 1238 quaerenda
607 1149 751 1231 putant,
783 1159 890 1230 quam
913 1159 971 1219 ea,
1004 1157 1095 1227 quae
1121 1143 1290 1224 expetunt
1333 1125 1389 1200 fui
1403 1121 1584 1212 hortator,
1609 1139 1650 1198 ut
1665 1125 1709 1196 de
1730 1121 1800 1198 hoc
1819 1128 1971 1200 articulo
1988 1127 2178 1220 diligenter
2193 1127 2334 1198 delibe-

170 1234 172 1240 ’
295 1243 335 1318 αἱ
352 1237 548 1336 ἐπιθυμίαι
569 1244 760 1314 λυσσῶσαι
780 1233 845 1310 καὶ
867 1231 982 1332 ὁρμαὶ
1005 1228 1174 1314 ἀτάκτως
1192 1225 1288 1304 κατὰ
1335 1241 1487 1300 caretur:
1535 1225 1627 1298 Nam
1649 1240 1801 1298 statuere
1823 1231 2011 1316 nolebam,
2038 1244 2072 1300 et
2088 1229 2173 1314 scis,
2199 1229 2238 1298 id
2256 1252 2335 1298 non

295 1348 387 1440 ῥοῦν
404 1336 618 1442 φερόμεναι.
672 1339 743 1413 Sed
759 1364 824 1409 nos
839 1337 955 1409 Deum
981 1359 1138 1421 oremus,
1163 1345 1205 1404 ut
1224 1335 1291 1405 bo·
1337 1354 1410 1402 esse
1432 1329 1547 1404 nostri
1567 1327 1737 1402 muneris.
1800 1324 2141 1430 ὃτετραγωνιστὴς
2161 1333 2336 1402 acerrima

295 1471 426 1519 norum
441 1446 559 1516 studia
574 1444 767 1515 etadinvet
782 1455 817 1511 et
831 1441 1013 1532 approbet.
1064 1436 1119 1508 De
1136 1459 1292 1507 conven-
1337 1433 1498 1504 oratione
1522 1454 1645 1502 suasor
1664 1431 1994 1526 fuitabrumpendi
2018 1433 2208 1527 colloquii,
2235 1447 2270 1505 et
2294 1433 2336 1500 in

296 1566 337 1622 tu
352 1563 385 1620 et
400 1551 443 1618 de
459 1547 604 1620 caeteris
618 1543 768 1635 negotiis
784 1566 822 1612 ea
840 1567 929 1636 quae
946 1537 1122 1610 habebam
1137 1530 1292 1608 Ionelti-
1337 1559 1393 1604 me
1406 1535 1586 1606 absentem
1602 1531 1686 1603 satis
1699 1533 1864 1606 atrociter
1877 1536 2036 1606 invectus
2052 1547 2115 1608 est.
2167 1533 2238 1605 Sed
2253 1535 2335 1628 pla·

298 1675 356 1722 mo
385 1647 519 1742 scripsi.
586 1645 684 1716 Bene
716 1645 796 1714 vale
831 1645 889 1717 te.
911 1641 1088 1726 Ianuarii,
1119 1636 1292 1710 MDXLI.
1339 1637 1413 1706 cuit
1433 1635 1596 1728 pluribus
1614 1635 1788 1706 sententia
1809 1637 1979 1708 timidior.
2031 1633 2246 1708 Concessum
2268 1636 2337 1727 igi·

265 1797 273 1812 ·
298 1741 587 1824 Honestissimae¹
601 1763 681 1820 tuac
703 1745 846 1836 coniugi
869 1757 904 1814 et
926 1742 1138 1822 dulcissimis
1159 1741 1293 1827 liberis,
1340 1752 1417 1824 tur,
1441 1750 1482 1808 ut
1495 1736 1642 1828 scriptas
1656 1738 1847 1808 sententias
1860 1734 2061 1824 exhibeant,
2086 1737 2181 1832 siqui
2196 1737 2338 1808 dissen-

297 1855 384 1939 tibi,
408 1849 589 1924 Ecclesiae
611 1863 647 1920 et
660 1846 831 1940 Reipubl.
850 1860 933 1938 opto
959 1846 1114 1916 faustum
1136 1843 1294 1914 felicem·
1340 1841 1451 1912 tirent
1466 1857 1486 1908 a
1502 1837 1677 1930 pluribus.
1719 1835 1794 1908 lam
1808 1865 1890 1911 cum
1904 1840 2011 1910 instet
2026 1839 2256 1934 colloquium,
2279 1840 2338 1910 vi-

300 1981 369 2051 que
385 1978 531 2027 annum,
1039 2009 1048 2016 ,
1183 1935 1187 1942 ’
1334 1944 1386 2013 de
1400 1939 1676 2011 inconstantiam
1690 1941 1934 2027 voluntatum,
1966 1939 2048 2012 illos
2063 1941 2159 2034 ipsos
2177 1942 2339 2034 poenitet

1342 2042 1486 2114 consilii
1507 2042 1583 2126 sui,
1610 2041 1672 2134 qui
1694 2042 1839 2114 fuerunt
1860 2055 2001 2112 autores
2020 2043 2214 2113 sententiae
2237 2043 2339 2114 timi-

1125 2193 1131 2208 .
1318 2105 1466 2216 ldioris.
1518 2143 1590 2214 Sed
1612 2167 1693 2212 cum
1709 2139 1826 2214 adhuc
1846 2167 1866 2214 a
1888 2144 1993 2216 nobis
2007 2140 2188 2214 modebate
2200 2157 2237 2215 et
2255 2167 2340 2234 gra-

314 2307 347 2378 N
396 2307 494 2378 2121
1136 2309 1179 2369 ¹3
1211 2297 1266 2362 Im
1343 2247 1436 2318 viter
1449 2245 1569 2314 omnia
1585 2258 1661 2314 acta
1676 2267 1749 2315 esse
1764 2245 1935 2330 iudicem,
1952 2246 2073 2316 animo
2087 2245 2340 2340 tranquilliore

302 2331 515 2442 ὧς
1118 2390 1291 2420 w
1344 2359 1486 2440 expecto
1509 2346 1683 2438 reliquam
1705 2347 1987 2434 dimicationem,
2011 2361 2049 2419 et
2067 2347 2161 2418 tueri
2185 2371 2339 2421 conscu-

572 2483 720 2568 1οαοΛ
752 2479 1000 2568 camerario
1344 2473 1424 2521 sum
1445 2461 1649 2518 nostrorum
1672 2449 1842 2531 studebo,
1877 2473 1917 2520 ac
1942 2447 2059 2522 Deum
2082 2451 2272 2542 precabor,
2297 2463 2341 2522 ut

1002 2541 1012 2564 ⁶
1345 2552 1419 2644 ipse
1443 2562 1633 2622 eumentes
1656 2564 1813 2636 nostras,
1838 2564 1873 2622 et
1887 2549 2036 2622 consilia
2050 2565 2086 2623 et
2106 2565 2253 2626 eventus
2273 2573 2341 2641 gu-

373 2667 458 2740 Epist.
472 2665 506 2722 sd
521 2663 660 2720 Camerar.
678 2681 706 2736 p.
718 2661 767 2718 ast
781 2679 841 2736 sqq.
860 2660 913 2732 (ed.
926 2659 1016 2715 Lond.
1032 2659 1081 2716 lib.
1093 2657 1143 2716 tv,
1162 2679 1203 2733 ep.
1217 2658 1299 2730 ἰδὲ).
1345 2655 1481 2725 hemet.

457 2779 461 2787 ’
1421 2753 1502 2824 Tua
1517 2753 1820 2845 epistolamagnae
1835 2749 1929 2826 mihi
1940 2755 2117 2848 voluptati
2130 2755 2209 2840 fuit,
2235 2779 2342 2848 prae-

1346 2856 1467 2926 sertim
1486 2855 1526 2924 in
1540 2879 1580 2926 ea
1597 2867 1713 2946 parte,
1726 2857 1778 2926 'in
1800 2881 1870 2950 qua
1891 2857 2082 2946 significas,
2108 2871 2161 2943 te,
2186 2853 2255 2928 Dei
2277 2858 2343 2928 be-

1346 2957 1490 3038 neficio,
1516 2957 1722 3028 meliuscule
1739 2959 1867 3032 valere.
1919 2956 1973 3028 De
1996 2979 2121 3030 somno
2137 2959 2233 3053 quod
2252 2959 2343 3030 scri·

308 3042 351 3134 S.
377 3060 422 3132 D.
474 3053 524 3137 Ut
538 3057 688 3129 Proteus
703 3057 896 3128 consumtis
914 3058 1081 3128 omnibus
1097 3055 1302 3126 dolisreci-
1347 3059 1422 3142 bis,
1448 3073 1540 3129 certe
1562 3058 1696 3152 incipio
1721 3059 1812 3128 serio
1836 3083 1857 3128 a
1878 3051 2045 3130 Fucltsio
2068 3061 2274 3142 dissentire,
2305 3074 2343 3132 et

308 3166 363 3258 pit
387 3163 539 3257 primam
568 3173 601 3231 et
632 3159 787 3230 nativam
820 3159 989 3249 figuram,
1022 3159 1072 3228 sic
1099 3157 1302 3243 adversarii,
1349 3162 1415 3234 tibi
1435 3159 1608 3252 rigatione
1630 3161 1782 3250 largiore
1799 3185 1888 3254 opus
1904 3185 1977 3232 esse
1993 3175 2127 3249 statuo,
2154 3163 2281 3258 quain
2302 3185 2344 3232 re

304 3281 497 3366 postquam
521 3257 581 3332 hic
604 3262 720 3331 varias
747 3255 892 3330 technas
921 3274 1120 3346 tentarunt,
1152 3261 1303 3330 redeunt
1349 3277 1468 3333 tamen
1483 3261 1688 3332 observabis
1703 3286 1781 3348 usu,
1803 3263 1889 3356 qnid
1905 3263 2017 3354 magis
2031 3267 2214 3337 conducat.
2264 3259 2343 3348 Est,

311 3371 354 3440 ad
370 3368 522 3460 primam
538 3363 672 3454 negotii
685 3355 877 3456 πρότασιν.
924 3359 1104 3454 Incipiunt
1120 3363 1303 3432 ostendere
1349 3377 1389 3437 ut
1403 3365 1520 3450 vides,
1545 3363 1633 3432 sicca
1650 3368 1780 3457 κρᾶσις
1795 3366 1848 3435 tui
1864 3367 2033 3457 corporis,
2058 3379 2093 3436 et
2108 3365 2188 3437 talia
2205 3378 2343 3458 tempe-

311 3495 408 3562 spem
430 3488 646 3558 congressus.
696 3461 812 3534 Antea
830 3464 932 3534 valde
954 3465 1125 3556 pugnavit
1146 3457 1196 3537 L.
1212 3457 1304 3534 Get-
1349 3479 1508 3538 ramenta
1519 3465 1654 3535 maiore
1672 3465 1855 3552 diligentia
1871 3469 2003 3538 tuenda
2019 3483 2114 3541 sunt.
2165 3466 2229 3554 Me
2245 3491 2345 3549 nunc

312 3570 404 3654 lios,
428 3585 480 3650 ut,
504 3567 635 3638 omisso
651 3565 795 3658 publico
814 3588 1012 3657 congressu,
1038 3567 1141 3659 pauci
1158 3566 1304 3660 quidam
1350 3569 1444 3638 leves
1457 3569 1563 3638 etiam
1578 3567 1897 3637 commotiunculae
1912 3567 2023 3640 animi
2037 3570 2232 3640 admodum
2248 3567 2345 3638 affli-

312 3675 481 3766 utrinque
504 3668 631 3740 delecti
654 3667 891 3738 deliberarent
905 3668 1059 3740 breviter
1074 3669 1117 3738 de
1139 3669 1302 3738 modera-
1348 3682 1448 3760 gunt.
1499 3669 1571 3740 Sed
1585 3667 1689 3737 video
1710 3681 1824 3740 actum
1847 3692 1920 3739 esse
1943 3671 1987 3740 de
2010 3693 2088 3740 mea
2110 3671 2202 3752 vita,
2228 3694 2344 3764 eoque

314 3777 409 3846 tione
433 3770 765 3844 controversiarum.
815 3765 864 3839 Et
886 3783 988 3840 erant
1003 3793 1046 3840 ex
1068 3771 1217 3855 nostris,
1240 3768 1302 3863 qui
1349 3770 1461 3862 magis
1488 3771 1532 3840 de
1556 3783 1617 3841 tua
1641 3791 1718 3840 sum
1744 3755 1915 3844 solicitus:
1968 3769 2060 3842 Nam
2085 3772 2345 3866 qualiscunque

313 3879 357 3948 ab
372 3871 441 3946 hoc
457 3873 605 3944 consilio
620 3895 694 3942 non
709 3864 968 3957 abhorrebant,
994 3871 1049 3940 vel
1067 3872 1151 3964 quia
1165 3885 1249 3942 sunt
1264 3871 1303 3940 in
1349 3871 1508 3964 Respub.
1527 3875 1647 3942 futura
1664 3885 1734 3954 est,
1760 3871 1860 3945 Deus
1880 3873 2036 3966 aliquam
2051 3869 2248 3944 Ecclesiam
2268 3897 2345 3944 sec-

314 3992 428 4067 mctu‚
453 3977 510 4045 vel
526 3975 608 4070 quia
624 3973 893 4064 gratificandum
914 3974 1087 4064 putabant
1102 3966 1151 4042 L.
1166 3967 1303 4046 Gellio.
1349 3975 1466 4058 vabit,
1502 3973 1561 4044 cni
1588 3986 1649 4043 tua
1674 3973 1788 4044 studia
1815 3976 2002 4066 profutura
2025 3989 2118 4046 sunt.
2176 3971 2343 4048 Omnino

313 4081 353 4154 Si
370 4078 574 4174 quisalius,
600 4097 663 4178 ego
671 4087 771 4154 ,certe
788 4087 821 4144 et
836 4097 954 4165 pacem
972 4088 1107 4167 expeto,
1132 4088 1164 4156 et
1184 4075 1304 4166 publi·
1348 4065 1477 4166 magna
1491 4087 1526 4146 et
1539 4073 1655 4144 fatalis
1667 4075 1818 4144 mutatio
1834 4099 1953 4145 rerum
1975 4077 2174 4172 impendet,
2205 4077 2347 4150 etiamsi

314 4207 373 4256 cac
395 4177 663 4274 tranquillitatis
686 4198 789 4246 causa
815 4176 927 4246 multa
951 4175 1206 4260 dissimulanda
1230 4199 1303 4246 esse
1350 4202 1425 4249 non
1439 4188 1623 4246 sumentur
1639 4200 1737 4246 arma
1752 4175 2120 4276 propterRelligionis
2136 4193 2345 4250 controver-

313 4308 452 4376 semper
469 4281 573 4354 sensi.
624 4277 695 4349 Sed
713 4290 831 4347 tamen
856 4277 1017 4368 exposui,
1040 4278 1127 4372 quid
1144 4272 1303 4348 mihivi-
1349 4281 1429 4353 sias.
1480 4273 1636 4350 Possunt
1657 4279 1770 4350 multa
1799 4275 2062 4379 προγνωστικὰ
2093 4295 2187 4352 certa
2209 4281 2346 4384 colligi,

315 4390 458 4458 deretur
478 4381 551 4474 agi,
586 4378 768 4472 proposito
793 4379 856 4448 illo
879 4381 1082 4469 angustiore
1107 4380 1303 4473 colloquio:
1350 4406 1424 4450 non
1448 4404 1489 4449 ex
1512 4379 1701 4472 disciplina
1724 4394 1864 4451 tantum
1880 4377 2122 4472 Astrologiea,
2153 4383 2344 4454 sedetiam

316 4487 479 4558 videlicet
499 4497 539 4554 ut
561 4483 700 4552 fucosae
717 4481 977 4552 moderationes
997 4493 1304 4574 componerentur.
1350 4481 1504 4576 politica.
1555 4479 1757 4552 Turcorum
1771 4505 1961 4568 successus,
1981 4479 2186 4554 Electorum
2198 4483 2238 4553 in
2248 4481 2345 4556 Ger-

315 4589 387 4660 Has
407 4588 481 4658 dixi
500 4607 556 4654 me
576 4607 641 4654 nec
656 4581 869 4674 scripturum
886 4607 951 4653 nec
970 4585 1203 4676 probaturum
1221 4605 1305 4670 esse,
1348 4585 1468 4654 mania
1483 4583 1665 4669 dissensio,
1691 4584 1876 4655 minantur
1890 4579 1985 4655 haud
2000 4585 2109 4656 dubie
2123 4579 2208 4656 huic
2224 4587 2346 4658 natio-

314 4691 369 4760 vel
390 4689 421 4758 si
435 4679 567 4759 Gallici
587 4698 624 4755 et
638 4683 823 4776 Hispanici
840 4685 1011 4757 exercitus
1026 4685 1069 4754 ad
1093 4697 1232 4776 portam
1248 4708 1305 4754 es·
1349 4686 1389 4756 ni
1406 4685 1640 4756 mutationem
1656 4681 1812 4778 Reipub.
1863 4679 1985 4758 Audio
2004 4711 2079 4756 rem
2097 4687 2136 4756 in
2153 4683 2344 4760 Pannonia

314 4805 401 4864 sent.
451 4785 615 4860 Christus
637 4789 708 4857 iam
731 4786 893 4858 aditurus
915 4811 1051 4856 crucem
1073 4799 1235 4878 precatus
1252 4800 1306 4856 est
1350 4785 1539 4857 infeliciter
1553 4787 1638 4876 geri.
1689 4782 1753 4858 καὶ
1768 4782 1836 4859 τὸν
1851 4781 2111 4884 αὐτοκράτορα
2136 4785 2232 4886 φασὶ
2252 4795 2344 4863 πολ-

316 4909 465 4988 patrem:
509 4887 615 4960 Pater
638 4885 814 4960 sanctifica
841 4911 901 4958 eos
926 4889 965 4956 in
993 4888 1157 4973 veritate,
1188 4910 1304 4958 sermo
1349 4883 1452 4970 λάκις
1470 4889 1608 4970 νοσεῖν,
1634 4912 1739 4982 quem
1761 4889 1907 4983 quidem
1931 4891 2038 4960 audio
2062 4891 2156 4962 intra
2179 4891 2344 4964 triduum

315 5011 396 5067 tuus
411 4995 541 5062 veritas
557 5005 619 5064 est.
659 4987 758 5080 Quid
773 5001 890 5060 autem
906 4989 1002 5061 aliud
1018 5004 1079 5076 est,
1098 5013 1204 5083 quam
1220 4985 1304 5060 huic
1348 5005 1538 5062 venturum
1555 4989 1706 5082 Spiram.
1757 4989 1827 5062 Sed
1843 4993 1887 5062 de
1902 4985 1970 5062 hoc
1988 4993 2138 5063 scribam
2151 4993 2249 5066 alias.

314 5095 508 5190 precationi
523 5093 724 5178 reclamare,
749 5092 953 5184 praestigias
968 5091 1154 5162 offundere
1165 5085 1304 5164 'doctri-
1426 5090 1590 5162 Gratiam
1614 5092 1680 5162 tibi
1703 5087 1817 5163 haheo
1838 5115 1904 5184 pro
1929 5094 2110 5166 versiculis
2135 5096 2272 5182 missis,
2304 5120 2344 5166 ac

312 5223 378 5273 nae
396 5198 434 5266 in
449 5192 606 5267 Ecclesia
621 5193 864 5288 necessariae?
901 5191 1009 5264 Visus
1026 5217 1104 5264 sum
1121 5193 1227 5264 etiam
1242 5218 1304 5264 ve·
1348 5194 1504 5264 vicissim
1525 5194 1627 5264 mitto
1651 5189 1813 5286 Elegiam
1830 5189 2095 5291 Christophori
2116 5199 2162 5268 ad
2178 5195 2344 5270 Granve-

314 5298 511 5370 hamentius
532 5295 632 5388 loqui
654 5296 879 5389 quibusdam.
936 5293 1005 5366 Sed
1025 5295 1202 5365 intellecta
1225 5321 1302 5366 mea
1348 5297 1434 5368 lum.
1486 5293 1769 5387 Composuissem
1786 5298 1861 5392 ipsc
1878 5297 2027 5390 aliquid,
2053 5300 2114 5368 sed
2131 5297 2258 5370 Musae
2275 5323 2344 5370 no-

313 5403 503 5486 voluntatc,
528 5398 655 5468 omissa
673 5411 725 5468 est
740 5397 872 5466 mentio
887 5395 986 5466 illins
1000 5395 1213 5488 angustioris
1229 5399 1312 5468 col--
1347 5399 1457 5470 bisin
1474 5391 1529 5468 his
1542 5399 1645 5483 rixis,
1671 5399 1853 5493 aliquanto
1875 5399 1994 5470 minus
2011 5399 2117 5472 etiam
2132 5415 2217 5496 sunt
2236 5401 2343 5472 sami-

306 2819 467 2899 Clorr'ss.
491 2829 522 2892 et
545 2819 681 2920 optimo
704 2817 782 2890 siro
806 2814 837 2888 I
841 2801 1051 2890 oachimo
1082 2806 1301 2888 Gamera-

419 2924 488 2996 rr'o
513 2917 786 3017 Bombergensi
807 2920 927 2992 amico
949 2943 1018 2992 sno
1038 2943 1192 3008 summo,

312 5503 433 5598 loquii.
492 5499 618 5575 Postea
647 5501 834 5570 decursum
858 5513 910 5570 est
931 5523 991 5584 eo,
1023 5511 1064 5572 ut
1081 5497 1303 5592 permittere-
1348 5503 1471 5587 liares,
1503 5523 1609 5596 quam
1639 5501 1736 5576 alias.
1794 5498 1849 5573 Ea
1871 5525 1961 5595 quae
1990 5496 2158 5600 περὶτῆς
2183 5508 2344 5602 φυσικῆς
2425 5505 2426 5596 ξ
