4744 6272
318 337 393 413 871

891 331 1349 416 EPISTOEARUM·
1381 339 1493 426 tatu.
1525 327 1590 424 lx.
1643 335 1776 422 tota.

2255 353 2307 432 tu

320 497 546 578 Clarissimo
585 516 618 578 et
653 507 789 606 optimo
822 507 919 594 viro,
963 507 1018 582 D.
1049 505 1312 584 Francisco
1362 506 1477 604 Reges
1501 527 1537 586 et
1549 495 1710 588 Heroum
1721 497 1887 610 pos'teros
1909 519 1997 589 adeo
2020 513 2115 590 nibil
2133 515 2309 596 baberebe-

318 601 587 696 Burcordo,
626 605 673 685 V
669 609 868 694 maciensi,
902 603 1142 700 Cancellario
1163 611 1314 712 procin—
1363 617 1512 702 rolcum,
1536 631 1577 688 ut
1591 619 1662 688 iam
1678 615 1734 688 bis
1748 621 1960 712 turpissimis
1975 623 2110 694 artibus
2124 625 2310 702 delectentur.

397 705 473 780 ciac
486 705 788 800 Brunsvicensis,
815 711 936 784 amico
948 739 1015 786 suo
1031 715 1234 788 carissimo.

323 823 368 932 S,
392 843 438 922 D.
489 843 706 932 Adolescens
737 866 790 923 est
817 851 975 946 Lipsiae,
1014 849 1218 924 Bertoldas
1240 847 1316 924 Ra·-

325 937 447 1032 chias,
472 963 576 1032 natus
591 951 632 1020 in
647 955 830 1044 provincia
846 951 1006 1049 vestra¹),
1032 957 1070 1024 in
1086 979 1174 1050 pago
1184 952 1317 1026 Holts-

325 1043 456 1119 minda
479 1051 524 1122 ad
548 1051 748 1146 Visurgim,
780 1055 838 1126 cui
858 1057 1021 1148 promisit
1041 1053 1233 1152 Tyrannus
1256 1081 1316 1128 cr·

325 1148 494 1250 pulsns²)
522 1155 724 1227 studiorum
754 1171 901 1231 sumtus.
962 1157 1205 1230 Sacerdotium
1240 1182 1317 1230 cer-

325 1249 537 1352 tum⁸)non
558 1257 676 1342 dedit,
712 1259 773 1328 sed
796 1259 918 1328 literae
941 1273 1071 1330 extant.
1136 1259 1218 1354 Scio
1252 1279 1316 1330 vos

323 1351 397 1426 illis
419 1379 495 1426 non
517 1359 651 1444 teneri,
690 1381 757 1430 nec
786 1363 831 1430 de
855 1361 932 1430 iure
958 1362 1141 1432 vobiscum
1162 1363 1317 1454 disputo.

326 1453 423 1530 Illud
442 1471 578 1528 tantum
596 1483 681 1546 oro,
713 1475 756 1532 ut
777 1455 918 1533 honesti
940 1475 975 1532 et
999 1462 1173 1552 ingeniosi
1197 1464 1319 1534 adole-

326 1555 455 1630 scentis
470 1559 639 1654 suscipias
652 1583 806 1644 causam,
833 1575 868 1634 et
880 1587 1027 1660 quaeras
1043 1565 1188 1657 aliquod
1205 1587 1318 1634 sacer-

326 1661 484 1746 dotium,
514 1665 613 1734 unde
635 1675 764 1734 certam
790 1666 975 1757 pecuniam
999 1661 1137 1734 babeat.
1193 1663 1318 1760 anue

326 1762 366 1832 in
387 1787 426 1832 re
446 1779 481 1834 et
495 1759 572 1834 Deo
597 1777 634 1834 te
653 1766 786 1836 servire
812 1780 961 1852 statuas,
991 1781 1027 1837 et
1041 1759 1238 1836 lonchimo
1252 1791 1318 1836 no·

326 1861 440 1958 stro‘)
457 1863 665 1956 gratificari,
694 1867 775 1961 qui,
804 1881 1023 1961 quantopere
1041 1869 1146 1952 velit,
1180 1863 1319 1938 consuli

325 1967 559 2051 adolescenti,
589 1991 631 2036 ex
653 1968 729 2038 eius
748 1969 878 2054 literis,
911 1993 998 2064 quas
1020 1971 1087 2040 tibi
1110 1969 1232 2054 mitto,
1262 1971 1320 2038 in-

325 2063 509 2164 telliges¹).
535 2065 597 2138 Me
608 2093 750 2164 quoque
762 2071 935 2164 lacrymae
950 2071 1182 2141 adolescentis
1199 2095 1320 2140 move-

326 2183 430 2254 runt,
463 2170 525 2263 qni
549 2193 569 2240 a
589 2191 647 2240 me
669 2169 759 2241 flens
783 2171 903 2263 petiit,
935 2195 981 2242 ne
1000 2173 1199 2258 deseratur,
1231 2193 1320 2242 nea

288 2281 290 2284 ’
326 2269 454 2342 alodiis
477 2273 660 2342 literarum
682 2273 890 2364 depellatur.
943 2269 1064 2362 Quare
1086 2273 1191 2344 etiam
1214 2286 1319 2367 atque

325 2375 431 2444 etiarn
455 2397 541 2459 oro,
581 2386 622 2444 ut
642 2373 682 2443 in
704 2367 770 2448 hac
792 2399 832 2444 re
861 2375 1079 2444 volantatem
1110 2387 1206 2444 tuam
1239 2395 1318 2463 erga

324 2467 561 2544 Ioaclimam
581 2475 746 2549 declares.
808 2476 891 2548 Scio
915 2477 995 2546 istic
1018 2471 1140 2571 fana⁶)
1168 2478 1324 2568 expilata¹

326 2601 420 2662 esse,
456 2577 529 2648 scio
561 2599 663 2666 posse
694 2578 763 2646 alia
791 2579 904 2648 malta
934 2579 1157 2670 responderi;
1199 2581 1260 2647 sed
1285 2591 1318 2647 te

325 2699 469 2749 oramus
490 2691 525 2749 et
539 2671 730 2748 Latharus
756 2691 793 2749 et
813 2671 1032 2748 Ioaclrimus
1058 2692 1092 2749 et
1113 2703 1193 2766 ego,
1223 2675 1319 2748 bunc

324 2773 546 2852 Bertoldum
563 2781 725 2864 adiuves,
758 2805 798 2850 ac
823 2784 866 2852 ad
892 2775 998 2852 buius
1023 2782 1155 2872 negotii
1173 2771 1320 2850 socicla-

323 2897 396 2956 tem
429 2881 601 2976 adiungas
626 2877 673 2956 D.
699 2879 880 2955 Pastorem
908 2879 1147 2952 Ecclesiarum
1181 2895 1320 2952 nostra·

324 2979 463 3080 rum'),
503 2986 534 3055 si
564 2985 634 3055 crit
663 2975 762 3076 opos.
828 2983 964 3055 Poterit
988 2985 1189 3054 adolescens
1212 2983 1318 3075 paulo

253 3087 256 3094 ’
324 3101 405 3180 post
440 3075 572 3158 servir'e
609 3087 744 3178 patriae
784 3087 824 3156 in
863 3083 1030 3156 Ecclesiis
1077 3099 1138 3155 ant
1178 3081 1318 3158 sobolis.

325 3185 527 3262 Beuemle.
578 3183 647 3257 Die
659 3189 721 3264 25.
736 3187 972 3280 Septembris,
1002 3183 1110 3260 1642.
1194 3227 1197 3233 ·

323 3345 328 3352 .
836 3284 1026 3380 Philippus
1042 3283 1267 3362 Melanthon.

324 3605 522 3736 Q.

636 3775 741 3864 Vtro
773 3775 1011 3862 neodem.

396 3935 481 4010 Epist.
497 3937 545 3994 lib.
558 3935 648 4063 ΝΒ).
665 3939 715 3994 tto
726 3957 814 4014 ιφ·-
843 3939 895 3994 llic
908 3959 937 3994 er
952 3939 1119 4012 autographo
1134 3938 1163 3992 in
1177 3942 1239 3997 cod.
1253 3941 1319 3995 Μο-

429 4007 525 4064 naal.
541 4009 598 4079 με
634 4045 642 4062 .

1144 3705 1316 3736 Μ

288 4113 293 4122 Ι
324 4107 381 4239 Β.
408 4159 522 4240 Vtro
543 4159 813 4247 Theodoro,
848 4159 990 4236 docenti
1009 4161 1160 4262 Evang.
1183 4166 1224 4236 in
1245 4163 1321 4237 Ec-

351 4295 354 4304 ·
376 4298 381 4312 ·
674 4265 757 4338 cles.
775 4261 975 4361 Noriberg.

326 4375 371 4468 S·
397 4393 444 4472 D.
493 4395 626 4488 Magna
641 4423 722 4470 cum
736 4399 973 4469 admiratione
985 4398 1055 4487 legi
1072 4395 1221 4469 Venetas
1235 4425 1321 4492 pro-

326 4497 502 4585 ditiones,
535 4525 597 4570 seu
612 4497 769 4570 Gallicas
788 4501 918 4592 potius.
969 4495 1006 4570 Ο
1026 4523 1101 4568 rem
1126 4501 1320 4594 indignam,

325 4651 549 4668 m

328 4705 332 4714 ¹
362 4725 388 4790 t)
407 4729 505 4774 oestro
526 4719 642 4776 Fritsclr.
661 4749 696 4762 -
731 4717 837 4776 Unacb.
855 4717 955 4774 Nacbr.
978 4719 1095 4774 Verere.
1119 4748 1154 4763 -
1197 4721 1267 4775 Vide
1287 4719 1320 4775 de

397 4787 493 4846 flirbio
507 4787 637 4858 (liciclai)
651 4791 728 4861 epist.
743 4790 770 4844 d.
786 4789 827 4844 17.
842 4788 907 4844 Oct.
920 4789 947 4844 la.
960 4807 985 4842 ι.

344 4878 393 4948 ,2)
411 4875 540 4948 iutelligit
557 4875 707 4932 ilenricum
730 4875 885 4944 iuniorem,
910 4873 1019 4928 Ducem
1038 4873 1170 4945 Brome,
1197 4893 1253 4948 qao
1273 4896 1319 4928 es·

395 4944 474 5070 pulso
499 4963 563 4998 cura
588 4938 664 4996 istius
689 4943 844 5016 provinciae
869 4962 930 4996 cum
956 4941 1015 4995 aliia
1041 4943 1200 4998 demandata
1231 4941 1319 5000 luerat
1371 4973 1380 4992 .

347 5009 350 5019 '
420 5013 554 5067 ranciaco.
588 5009 651 5067 Vid.
665 5029 707 5083 ep.
722 5013 755 5064 ad
772 5012 908 5066 Canrerar.
922 5011 947 5066 al.
960 5011 1002 5066 tt.
1015 5012 1086 5082 Aug.

359 5101 390 5170 d)
409 5109 518 5153 certum
532 5096 605 5152 addit
618 5105 680 5153 teat.
693 5094 809 5152 fritrcb.

359 5184 388 5254 4)
408 5182 587 5238 camarare.

360 5273 389 5340 6)
406 5267 511 5322 Unscls.
523 5265 639 5322 Nacta:
658 5285 725 5340 quaa
737 5267 786 5322 utt
798 5266 895 5336 mitto,
911 5267 1061 5334 intellegas.

359 5359 387 5426 6)
405 5353 508 5410 Uuscb.
522 5351 621 5408 Nacbr.
634 5371 715 5408 rura.

359 5443 387 5516 7)
405 5437 628 5564 S‘i‘qmllduebius,
652 5437 767 5530 laetam
784 5437 886 5494 rectius
905 5439 933 5494 io
947 5395 1052 5533 lirici.
1065 5433 1168 5492 Naclrr.
1185 5435 1315 5492 eeclesiae

395 5529 411 5564 ν
506 5543 517 5563 ·
1022 5526 1027 5535 .
1269 5523 1272 5531 .

1169 3621 1201 3682 2.
1221 3611 1292 3677 Ort.
1353 3647 1366 3664 ι

1364 715 1436 790 sed
1463 719 1622 790 fortassis
1653 715 1722 792 hoc
1753 747 1895 816 quoque
1928 738 2128 815 temporum
2152 727 2249 798 latum
2269 743 2314 804 est

1365 817 1520 908 Quando
1549 845 1709 915 unquam
1739 824 1820 896 talis
1839 837 2041 916 proventus
2059 826 2130 899 luit
2148 829 2314 918 perfidiose

1365 945 1447 992 rum
1467 922 1717 1012 ingeniorum?
1749 923 1860 994 ·Vide
1884 925 2050 1010 politiae,
2074 927 2155 998 vide
2170 923 2316 1014 Ecclesia,

1365 1047 1456 1116 quae
1484 1023 1614 1116 passim
1643 1038 1757 1116 pestes
1778 1040 1812 1099 et
1834 1051 1916 1098 vere
1938 1027 2138 1122 κακοηθεῖς
2156 1025 2314 1121 deprehen

1366 1126 1513 1206 duntur.
1564 1123 1648 1196 ldeo
1671 1127 1808 1212 scribo,
1840 1129 1907 1198 tibi
1930 1145 2133 1222 quoqueut
2153 1133 2214 1203 sim
2230 1135 2316 1202 moni

1367 1239 1443 1310 tor,
1468 1249 1513 1296 nc
1528 1227 1727 1318 promiscue
1750 1229 1808 1300 vel
1830 1243 1973 1322 appetas
1995 1231 2058 1320 vel⁸
2075 1231 2317 1318 admittaslrnul

1367 1340 1483 1396 torum
1502 1329 1767 1402 sarrriliaritates.
1818 1325 2073 1414 Demosthenes
2091 1335 2157 1418 ait,
2181 1327 2320 1406 adrersu

1367 1421 1571 1522 Tyrannus
1586 1425 1733 1498 unicam
1749 1451 1823 1500 esse
1840 1427 2003 1518 vallum,
2034 1429 2179 1504 unicum
2199 1459 2322 1522 maran,

1368 1523 1554 1602 ἀπιστίαν.
1607 1527 1686 1600 Hoc
1702 1533 1801 1617 ,vallo
1828 1535 1986 1626 prolecto
2008 1559 2105 1604 nnnc
2128 1559 2260 1630 quoque
2273 1563 2322 1606 no·

1368 1630 1424 1700 bis
1437 1655 1526 1724 opus
1542 1643 1593 1700 est
1609 1633 1776 1703 adversus
1794 1633 1935 1724 ingenia
1952 1637 2118 1726 ambigna
2142 1633 2242 1708 buius
2259 1651 2323 1708 ten-

1369 1732 1476 1824 poris.
1534 1731 1749 1814 †Paulatim
1770 1735 1879 1824 magis
1908 1737 2072 1828 patefacit
2103 1753 2242 1810 naturae
2265 1763 2324 1808 suae

1368 1822 1609 1926 κακοήθειανΙ
1621 1829 1641 1905 ὁ
1655 1831 1920 1932 μελαγχολικὸς
1940 1831 2197 1933 αὐτομολήσας
2210 1835 2325 1934 Aspim

1369 1927 1410 2006 di
1433 1933 1472 2016 ἐξ
1494 1933 1608 2026 αὔλης
1628 1929 1816 2029 ἡμετέρας.
1866 1933 2100 2024 Necdubito,
2126 1941 2214 2036 quin
2229 1943 2325 2010 excita

1370 2047 1471 2106 turus
1488 2036 1533 2105 sit
1548 2037 1635 2105 olim
1650 2037 1805 2130 aliquam
1820 2036 1858 2106 in
1873 2033 2030 2112 Ecclesia
2054 2065 2131 2112 non
2153 2044 2260 2112 levem
2278 2057 2325 2114 trs

1370 2137 1544 2226 gordiam.
1595 2135 1692 2208 Deus
1710 2163 1791 2209 eum
1809 2139 1978 2232 reprimat
1992 2155 2027 2212 et
2041 2140 2233 2218 coherceat.
2263 2141 2326 2214 Edi-

1370 2238 1423 2308 dit
1438 2237 1715 2332 propositiones,
1740 2264 1828 2334 quas
1843 2263 1884 2310 ex
1899 2239 2020 2334 Lipsia
2037 2243 2105 2314 tibi
2128 2245 2258 2315 mittam
2277 2247 2328 2314 lor·

1370 2353 1476 2424 tasse,
1499 2363 1582 2409 nam
1596 2341 1793 2434 exemplum
1807 2367 1902 2412 nunc
1915 2359 2076 2416 nouerat
2090 2347 2137 2415 ad
2152 2345 2328 2434 manuni't

1370 2433 1588 2510 Eichlerum
1610 2443 1716 2511 audio
1739 2459 1875 2514 vestrae
1896 2441 2074 2515 Ecclesiae
2095 2447 2242 2516 servire:
2270 2445 2329 2517 lli·

1370 2567 1453 2611 nam
1467 2547 1623 2613 modeste
1640 2546 1780 2618 serviat.
1823 2547 1936 2617 Δοκεῖ
1948 2571 2013 2638 μοι
2027 2551 2273 2648 μεγαφρονεΐν
2286 2543 2330 2617 aci

1371 2639 1416 2716 οὐ
1432 2640 1598 2743 στέργειν
1610 2639 1776 2716 ταπεινά.
1808 2645 1929 2736 Quare
1943 2647 2148 2720 observabis
2163 2651 2235 2720 eius
2248 2673 2330 2742 mpo-

1369 2740 1482 2817 τείαν.
1550 2743 1658 2816 Hunc
1681 2739 1920 2816 Malliacum
1947 2753 2077 2840 probo,
2118 2761 2154 2821 et
2179 2751 2240 2821 libi
2261 2775 2330 2818 con-

1369 2847 1512 2920 mendo.
1562 2847 1697 2938 Scripsi
1714 2843 1943 2920 honorificam
1959 2851 1992 2920 ei
2007 2853 2332 2923 commendationem
2358 2869 2359 2940 t

1370 2947 1533 3018 Profecto
1555 2971 1653 3018 meos
1686 2951 1824 3046 labores
1856 2965 1890 3023 et
1917 2953 2145 3046 quotidianas
2180 2973 2332 3023 aemmms

1369 3049 1444 3119 lero
1467 3049 1633 3142 aequiore
1654 3051 1791 3136 animo,
1829 3077 1909 3121 cum
1932 3053 2019 3124 tales
2038 3050 2270 3125 Sclrolasticos
2288 3055 2333 3120 ali-

1371 3171 1460 3245 qnos
1482 3145 1598 3220 adbuc
1612 3153 1768 3244 reliquos
1783 3167 1855 3222 ess‘e
1872 3155 1987 3236 video.
2038 3153 2109 3226 llic
2133 3171 2187 3228 est
2209 3177 2290 3226 unrrs
2306 3179 2332 3220 u

1370 3251 1531 3345 reliquiis
1555 3277 1657 3323 verae
1680 3251 1868 3328 Ecclesiae.
1927 3253 2046 3346 Quare
2075 3283 2143 3327 nec
2174 3278 2236 3328 ros
2262 3281 2332 3324 sune

1371 3368 1496 3445 ptuum
1512 3355 1692 3444 poenitere
1716 3357 1840 3442 debet,
1871 3379 1935 3426 nec
1958 3371 2099 3428 nostrae
2124 3355 2284 3436 scholae,
2309 3355 2333 3422 in

1371 3477 1440 3548 qua
1457 3455 1601 3537 divites,
1633 3469 1673 3526 ut
1694 3455 1780 3525 alibi
1802 3459 1929 3538 credo,
1961 3459 2044 3550 plus
2065 3461 2140 3528 sibi
2161 3457 2334 3531 sumuntli

1370 3557 1515 3630 tentiae.
1546 3554 1615 3627 ·Et
1631 3579 1695 3625 nos
1709 3559 1770 3650 qni
1783 3561 1962 3628 moderari
1977 3553 2061 3628 hacc
2075 3561 2258 3652 cupimus,
2282 3579 2333 3625 nan

1371 3657 1582 3727 adiuvamur
1598 3661 1643 3727 ab
1661 3659 1704 3726 iis
1720 3659 1782 3754 qui
1805 3671 1989 3762 praesunt,
2021 3661 2241 3752 impedimur
2258 3661 2333 3728 etim

1370 3759 1598 3838 atmalevolis.
1648 3757 1713 3828 Est
1728 3761 1894 3840 omnino,
1922 3774 1962 3830 ut
1977 3761 2092 3848 vides,
2126 3755 2333 3832 difficilisbac

1370 3875 1528 3951 tempore
1542 3861 1771 3950 gubernatio,
1805 3862 1842 3930 in
1861 3857 1917 3932 bis
1932 3863 2149 3934 tumultibus
2165 3887 2275 3934 rerum
2287 3857 2334 3928 bu
2357 3829 2358 3922 i

1368 3983 1567 4030 manarum.

1471 4061 1564 4132 Novi
1586 4058 1890 4138 nihil-habebam.
1938 4061 2017 4136 Hoc
2040 4079 2186 4136 tanturn
2209 4065 2293 4136 renit
2311 4063 2334 4128 ia

1370 4177 1543 4248 mentem,
1582 4165 1641 4234 die
1662 4161 1869 4248 Dominico,
1911 4191 1981 4259 quo
2015 4183 2189 4260 occupata
2217 4167 2336 4240 caan

1372 4257 1653 4363 Guelsenbutel‚
1678 4289 1758 4334 curn
1776 4267 1891 4356 pridie
1906 4269 2041 4338 deditio
2058 4271 2149 4340 sacta
2165 4283 2268 4350 esset,
2283 4265 2335 4334 init

1371 4370 1481 4436 veteri
1501 4391 1601 4448 more
1620 4369 1748 4436 festum
1771 4368 2003 4440 dedicationis
2026 4371 2171 4462 templi:
2207 4371 2335 4440 Fuerant

1370 4468 1479 4558 igitur
1493 4493 1573 4538 vere
1588 4464 1767 4564 aymam.
1800 4465 1892 4540 Nam
1906 4481 1992 4544 tunc
2004 4473 2167 4562 primurn
2179 4473 2233 4542 ibi
2244 4491 2335 4540 enen

1370 4570 1447 4638 dari
1466 4568 1621 4639 Ecclesia
1641 4569 1768 4659 coepit.

1470 4667 1632 4740 Bavarici
1647 4668 1763 4739 Duces
1778 4671 1909 4741 nostris
1926 4673 2119 4743 admodum
2145 4675 2278 4768 placide
2296 4693 2334 4741 rr-

1369 4777 1609 4862 sponderunt,
1647 4795 1684 4840 so
1706 4795 1929 4864 nequaquam
1954 4775 2164 4846 defensuros
2191 4773 2357 4846 lla-amaia

1369 4897 1527 4956 cenacm,
1573 4898 1611 4942 ac
1633 4897 1677 4941 ne
1705 4874 1856 4964 probare
1878 4875 2022 4964 quidem
2046 4877 2233 4970 pleraque,
2267 4893 2332 4968 qnae
2356 4859 2357 4927 i

1369 4975 1580 5046 inconsultis
1595 4975 1681 5066 ipsis
1695 4975 1856 5049 moverit.
1889 4973 1988 5046 Bene
2002 4977 2091 5048 vale.
2114 4975 2186 5050 Die
2198 4983 2233 5052 2.
2248 4973 2330 5048 (aa

1368 5075 1453 5151 bris.

1876 5169 2067 5272 Philippus
2085 5173 2296 5250 Melanthea

1365 5297 1595 5329 ψ.

1401 5430 1431 5491 li
1448 5427 1529 5483 iluna
1542 5437 1630 5483 toturn
1642 5428 1735 5482 locum
1749 5425 1896 5484 Saubertua
1908 5447 1965 5484 oon
1978 5431 2071 5487 edidit.
2103 5431 2148 5484 De
2162 5449 2270 5504 quom
2281 5429 2324 5478 tle.

1434 5499 1579 5568 loquatur,
1596 5496 1711 5552 delinire
1724 5515 1782 5554 nco
1795 5515 1917 5570 ponam
1952 5499 2079 5558 ruam·
2092 5499 2126 5558 t·
2141 5503 2181 5556 le.
2195 5502 2306 5570 apt*
