4778 6264
82 353 142 434 ω
604 332 1045 464 arrsronsnusr
1092 335 1202 421 utu
1231 337 1334 420 vna
1385 336 1515 418 asts.
2001 347 2078 420 aar

82 513 266 598 nobilissima
278 507 458 588 Ecclsslm
480 511 659 602 membra,
682 533 773 684 Ἡ).
795 523 897 606 pater
919 508 1034 584 eoele-
1085 510 1344 598 invocandum,
1377 527 1516 588 sanetus
1539 535 1624 586 sero
1652 535 1728 586 uon
1752 514 1856 588 aliter
1883 509 2079 604 habendos,

80 615 436 715 nisldiosaguosoitss
451 607 623 699 maurel,
655 611 696 686 lo
745 637 782 690 rt.
807 612 867 688 12.
918 609 1034 684 Filius
1086 637 1195 710 qoam
1213 611 1355 688 sedulos
1369 615 1473 707 apud
1487 611 1834 708 Deumprecatores,
1858 632 1999 689 nostrae
2020 641 2078 688 sa-

81 741 110 802 ut
119 727 220 812 boues
233 733 266 790 ct
276 713 491 812 cohaeredes
505 705 634 806 habet,
663 713 842 793 Romanu.
861 713 913 788 8..
949 709 1034 808 Spi-
1084 715 1175 789 lotis
1188 717 1330 802 avidos,
1355 719 1572 812 eosdemque
1594 717 1729 788 nonin
1750 741 1813 790 sua
1832 717 1981 805 virtute,
2013 723 2077 790 sed

79 817 510 912 fiunnaoturtemplam
524 812 866 897 suessonense
880 813 1034 893 laudan-
1083 817 1125 891 in
1136 817 1215 912 ipsu
1225 814 1306 890 Deo
1330 811 1406 912 (cui
1422 819 1465 888 de
1481 817 1626 892 illorum
1641 817 1798 890 victoriis
1817 819 1950 912 gratiae
1969 841 2077 912 agen-

80 931 141 1012 dos,
161 947 199 996 se
212 943 331 997 eornm
346 919 574 1002 memoriam,
596 919 691 991 etad
707 917 928 990 excitandam
949 910 1033 986 irni-
1084 913 1265 1017 daesunt)
1284 911 1516 994 honorandos
1529 931 1564 1008 et
1576 917 1780 996 imitandos.

80 1029 231 1105 tatiouuu,
255 1035 293 1096 et
304 1034 347 1094 ut
362 1020 499 1095 meritis
514 1043 640 1093 eorum
657 1017 921 1100 consociemur,
945 1017 1033 1090 reli·
1185 1017 1370 1096 Praeclare
1410 1033 1503 1092 certe
1542 1014 1766 1112 Augustinus
1793 1019 1857 1092 lib.
1882 1019 1919 1098 8.
1952 1033 2076 1095 eontra

78 1131 153 1224 glosa
166 1124 371 1198 solennitate
393 1121 644 1217 celebrantium
670 1143 764 1202 esse,
789 1115 1034 1210 Quemadmu-
1082 1115 1196 1214 Epist.
1216 1119 1352 1212 Pelagii
1373 1123 1419 1194 ad
1434 1117 1660 1194 Bonifatium
1687 1146 1763 1216 cap.
1779 1121 1815 1198 8.
1823 1117 1864 1222 ⁷⁷)
1889 1121 1992 1210 Non,
2018 1123 2076 1198 iu·

77 1235 143 1302 dum
167 1223 380 1323 Augustinus
413 1217 521 1294 babet
553 1235 678 1296 contra
712 1215 884 1292 Faustum
909 1215 1034 1294 Mani·
1084 1223 1181 1318 quit,
1200 1225 1449 1296 constituimus
1462 1223 1678 1318 martyribus
1694 1223 1844 1326 templa,
1869 1223 2076 1312 sacerdotia,

76 1329 191 1403 thaeum
202 1327 294 1398 libro
309 1325 372 1429 20,
385 1347 459 1419 cap·
473 1324 535 1402 21.
567 1317 616 1396 Et
629 1311 766 1422 Paulus
778 1315 1034 1396 adEbrae.18.
1082 1347 1180 1397 sacra
1201 1337 1236 1396 et
1257 1325 1446 1408 sacrificia,
1480 1323 1649 1418 quomam
1678 1348 1754 1396 uon
1776 1325 1865 1418 ipsi,
1896 1325 1957 1396 sed
1979 1323 2076 1398 Deus
2198 1333 2201 1342 '

76 1421 223 1522 Qu'orum,
245 1425 379 1526 inquit,
400 1423 580 1501 intuentes
596 1423 729 1498 ericum
745 1418 1034 1512 conversationis,
1081 1449 1213 1517 ,eurtum¹
1230 1424 1336 1499 uobis
1359 1439 1411 1498 est
1427 1421 1535 1496 Deus.
1585 1419 1813 1498 Honoramus
1836 1449 1919 1511 saue
1939 1451 2077 1500 memo-

75 1529 228 1606 imitemini
239 1538 275 1600 et
289 1529 408 1604 iidem.
1009 1520 1013 1529 ’
1083 1526 1154 1602 rias
1179 1551 1325 1610 eorum,
1357 1540 1526 1622 tauquam
1553 1540 1755 1598 sanctorum
1786 1520 1974 1600 hominum
1995 1523 2078 1616 Dei,

151 1632 256 1703 Sentit
271 1626 369 1702 euim
380 1623 539 1702 Ecclesia
554 1621 638 1724 (nec
652 1619 820 1696 destituta
832 1622 978 1718 quidem
993 1621 1032 1696 in
1083 1625 1147 1722 qui
1161 1650 1272 1724 usque
1290 1629 1336 1699 ad
1351 1641 1501 1698 mortem
1518 1650 1664 1700 suorum
1681 1653 1871 1722 corporum
1893 1653 1959 1722 pro
1979 1629 2076 1700 veri-

73 1725 324 1828 hocscripturis)
348 1741 486 1804 sanctus
505 1729 598 1800 miro
622 1725 797 1800 desiderio
820 1722 943 1798 salutis
965 1749 1033 1798 no-
1083 1741 1155 1802 tate
1170 1743 1367 1814 certarunt,
1388 1743 1431 1802 ut
1447 1727 1683 1802 innotesceret
1700 1753 1784 1800 vera
1806 1729 1952 1820 religio,
1977 1730 2080 1802 falsis¹

75 1851 144 1906 atrae
171 1831 234 1930 (uti
266 1833 378 1906 unius
403 1831 630 1926 eiusdemque
655 1827 843 1900 nobiscum
874 1827 1033 1926 corporis
1082 1829 1316 1922 religionibus
1339 1831 1441 1902 vietis
1462 1844 1568 1924 atque
1595 1829 1777 1928 convictis.
1835 1829 1927 1920 Quis
1954 1843 2077 1904 autern

73 1937 215 2022 membra,
263 1959 332 2008 uae
347 1934 423 2005 sine
443 1931 549 2004 nobis
565 1927 842 2002 consummanda
858 1951 932 1999 non
949 1941 1033 2002 sunt
1083 1931 1223 2004 audivit
1251 1931 1444 2026 aliquando
1472 1931 1653 2018 fidelium,
1680 1943 1831 2004 stantem
1858 1935 2076 2006 sacerdotem

71 2033 172 2110 Ebraa
187 1961 264 2136 ¹1¹3
277 2033 404 2135 teneri,
429 2047 463 2106 et
476 2031 626 2132 proinde
642 2053 701 2104 eos
715 2025 831 2104 Deum
844 2051 911 2123 pro
926 2015 1032 2102 nobis
1082 2035 1125 2110 ad
1144 2033 1254 2111 altare
1270 2033 1376 2104 etiam
1391 2057 1498 2124 super
1513 2045 1673 2104 sanctum
1691 2053 1819 2126 eorpus
1838 2035 2005 2130 martyris
2028 2037 2075 2106 ad
2135 2066 2140 2076 ·

71 2163 201 2223 exorare,
223 2134 343 2210 Deum
361 2159 502 2234 quoque
515 2147 652 2206 sanctos
667 2157 733 2228 pro
750 2128 854 2202 nobis
876 2129 1032 2207 solicitos
1082 2131 1149 2206 Dei
1174 2129 1347 2206 honorem
1372 2137 1578 2229 cultumque
1600 2147 1861 2219 constructum,
1894 2135 2011 2205 dicere
2036 2137 2075 2206 in

71 2241 221 2326 exaudire,
243 2253 283 2311 et
297 2249 442 2334 propter
457 2235 538 2310 illos
553 2233 658 2308 nobis
673 2235 895 2322 benefacere,
916 2229 1030 2315 Erod.
1082 2237 1262 2330 precibus:
1289 2235 1401 2306 offero
1424 2233 1492 2306 tibi
1513 2233 1723 2306 sacrificium
1735 2233 1857 2320 Petra,
1880 2237 1939 2306 rel
1953 2233 2076 2326 Paule,

70 2343 117 2416 df.
137 2339 253 2412 Daniel
272 2341 312 2416 3.
323 2331 363 2438 ⁴)
448 2387 458 2408 ·.
1081 2337 1138 2408 rel
1152 2333 1348 2432 Cypriane,
1380 2359 1461 2408 cum
1476 2337 1573 2430 apud
1593 2359 1718 2408 eorum
1732 2335 1922 2410 memorias
1945 2335 2076 2410 offera-

147 2439 187 2514 Et
201 2455 240 2514 ut
254 2465 337 2518 non
351 2435 501 2514 dubium
517 2451 587 2526 est,
611 2433 741 2510 sanctis
756 2459 818 2509 sna
834 2459 908 2508 esse
923 2428 1031 2507 meri-
1080 2451 1143 2512 tur
1154 2433 1252 2526 Deo,
1276 2437 1340 2534 qui
1356 2461 1416 2509 eos
1432 2450 1467 2508 et
1482 2432 1647 2508 homines
1667 2449 1702 2510 et
1716 2451 1887 2533 martyres
1911 2439 2014 2528 fecit,
2039 2453 2075 2512 et
2192 2443 2198 2450 ”

69 2559 106 2626 ta,
125 2567 199 2638 quae
212 2557 337 2618 tamen
356 2542 461 2616 eliam
474 2537 544 2614 Dei
557 2551 642 2612 sunt
654 2539 760 2621 dona,
785 2535 835 2611 ita
852 2537 1032 2609 communi
1082 2539 1211 2612 sanetis
1227 2537 1375 2630 Angelis
1391 2539 1464 2610 suis
1479 2539 1621 2612 coelesti
1636 2534 1773 2610 bonore
1789 2539 1954 2623 sociavit,
1978 2553 2019 2612 ut
2033 2563 2075 2612 ea

67 2641 213 2718 Ecclesiae
234 2637 415 2730 consensu
434 2653 618 2738 receptum
638 2654 709 2727 est,
739 2651 780 2712 nt
800 2639 860 2734 pie
878 2636 920 2710 fu
934 2633 1032 2710 hunc
1082 2641 1284 2714 celebritate
1297 2653 1331 2712 et
1347 2639 1424 2712 Deo
1436 2663 1522 2713 vero
1539 2641 1583 2710 de
1598 2639 1745 2712 illorum
1764 2641 1924 2712 victoriis
1945 2642 2075 2732 gratias

66 2749 185 2817 modum
200 2761 325 2822 oretur
338 2745 455 2832 Deus,
479 2755 774 2840 quesanctorum
788 2756 936 2812 morum
955 2763 1031 2812 nae·
1081 2766 1254 2835 agamus,
1269 2753 1385 2815 etnos
1402 2743 1448 2812 ad
1463 2741 1699 2813 imitationem
1721 2741 1847 2814 talium
1862 2767 2075 2814 coronarum

66 2847 126 2918 ritis
144 2849 378 2946 precibusque
405 2847 595 2932 concedat,
631 2857 673 2918 ut
696 2843 736 2914 in
759 2843 926 2914 omuibus
948 2863 1032 2912 suae
1083 2858 1118 2918 et
1142 2843 1360 2940 palmarum,
1392 2843 1519 2914 eodem
1549 2843 1713 2914 invocato
1738 2843 1778 2913 in
1808 2843 2001 2931 auxilium,
2032 2867 2076 2916 er

65 2949 263 3038 pmlectionis
281 2949 490 3022 muniamur
503 2943 655 3030 auxilio,
680 2941 763 3016 Nun
778 2943 921 3038 quidem
934 2943 1031 3037 ipso-
1083 2969 1204 3018 eorum
1216 2944 1407 3018 memoriae
1418 2944 1664 3016 recordatione
1678 2939 1918 3022 adhortemur.
1953 2943 2075 3035 Quae-
2176 3033 2188 3042 ⁸

65 3075 126 3120 rum
139 3051 269 3123 meritis
291 3075 332 3123 ex
346 3039 394 3136 se,
418 3047 554 3120 Verum
567 3069 631 3142 per
647 3040 829 3116 Christum
844 3045 1031 3116 dominum
1083 3071 1222 3144 cunque
1252 3045 1362 3137 igitur
1388 3039 1605 3118 adhibentur
1628 3043 1875 3136 religiosorum
1903 3045 2074 3142 obsequio

63 3167 209 3240 nostrum,
231 3151 338 3224 cuius
352 3145 462 3242 gratia
476 3161 510 3222 et
524 3147 579 3220 illi
594 3143 722 3218 servati
738 3157 831 3232 sunt,
854 3145 911 3218 cui
925 3147 1030 3217 etiam
1083 3151 1122 3220 in
1144 3161 1343 3244 martyrum
1366 3147 1471 3232 locis,
1504 3147 1550 3218 ad
1577 3160 1826 3218 ornamentum
1835 3141 1877 3241 ²⁸)
1898 3158 1981 3220 sunt
1997 3172 2075 3218 me-

63 3277 147 3325 ormre
160 3255 329 3327 meritum
341 3253 397 3325 illi
411 3251 592 3346 deceptum
603 3248 735 3321 ierunt.
814 3273 821 3280 ·
1081 3249 1294 3342 mariarum,
1325 3273 1401 3319 non
1422 3271 1521 3320 sacra
1545 3261 1628 3320 sunt
1648 3249 1707 3319 vel
1728 3248 1897 3322 sacrificia
1914 3261 2075 3321 mortuo-

141 3353 211 3426 ilee
231 3355 482 3426 damnandum
504 3363 573 3436 est,
604 3349 635 3420 si
658 3350 740 3445 quis
758 3345 922 3437 religiosa
941 3367 1030 3442 qna-
1082 3375 1182 3438 rum,
1206 3364 1376 3444 tauquam
1391 3345 1562 3424 Deorum.
1610 3345 1708 3421 Haec
1724 3349 1797 3426 ille.

62 3457 127 3526 dam
137 3457 297 3550 pietate,'
312 3470 348 3528 et
361 3454 473 3526 animi
488 3453 644 3548 quodam
658 3451 797 3530 ardore,
822 3449 862 3520 in
877 3466 1031 3519 comme-
1179 3449 1233 3524 De
1247 3465 1449 3524 sanctorum
1465 3465 1659 3546 martyrum
1681 3451 1841 3546 reliquiis
1851 3445 1899 3548 '⁹)
1922 3475 1961 3522 ea
1982 3473 2075 3522 sem-

61 3557 235 3629 moratione
245 3573 327 3630 tam
340 3557 488 3628 metense
504 3565 645 3625 nostroe
659 3549 828 3624 cumillis
840 3542 1030 3621 inChristo
1081 3576 1146 3646 per
1160 3552 1227 3626 fuit
1248 3545 1461 3623 in'Ecclesia
1484 3551 1677 3637 sententia,
1702 3553 1799 3648 quod
1822 3567 2025 3624 reverenter
2040 3567 2075 3625 et

60 3659 201 3746 ¹¹¹²f⁰¹¹5³=
226 3681 292 3732 ens
307 3657 412 3731 etiam
431 3653 643 3728 nominatim
655 3651 826 3746 stivellei,
848 3649 923 3722 ssd
935 3658 1031 3720 extra
1080 3653 1245 3744 religiose
1267 3647 1452 3725 habendae
1475 3667 1608 3740 essent,
1637 3653 1909 3750 primumquod
1931 3647 1970 3724 hi
1992 3677 2075 3724 san-

60 3783 173 3850 preees,
203 3767 300 3856 ustae
321 3762 369 3830 sd·
390 3759 502 3830 altare
523 3755 742 3839 offeruntur,
775 3752 814 3823 in
832 3751 964 3845 quibus
986 3751 1031 3820 ad
1082 3768 1221 3826 ctorum
1235 3754 1371 3826 cineres
1385 3767 1531 3840 atussa,
1555 3753 1666 3828 veluti
1683 3755 1855 3848 quaedam
1870 3755 1993 3826 relicta
2008 3779 2076 3825 no-

59 3861 155 3932 solum
174 3861 297 3936 Deum
324 3873 461 3954 patrem
485 3881 553 3952 per
570 3852 753 3928 Christum
773 3852 959 3942 dirigenda
981 3864 1033 3922 est
1082 3856 1137 3926 bis
1152 3855 1300 3948 pignora
1321 3869 1357 3926 et
1371 3855 1538 3942 exuviae,
1562 3879 1629 3928 uus
1650 3853 1726 3928 eius
1741 3879 1831 3950 quae
1852 3857 1892 3928 in
1914 3855 1986 3928 illis
2006 3857 2076 3932 fuit

59 3961 165 4047 oratio,
187 3979 229 4038 ut
242 3959 355 4036 babet
367 3960 572 4034 Concilium
586 3949 862 4046 Cartltsginense
877 3951 1031 4026 tertium.
1080 3957 1164 4028 fidei
1178 3969 1216 4030 et
1237 3955 1391 4030 caritatis
1406 3955 1740 4044 commonefaciant,
1760 3957 1846 4028 dum
1864 3957 1998 4032 scilicet
2017 3981 2076 4030 re-

58 4061 105 4132 Sic
121 4077 256 4150 tamen,
284 4073 329 4138 nt
349 4075 423 4136 tota
444 4059 574 4132 iducis
593 4059 634 4130 in
654 4057 770 4130 solum
788 4051 904 4126 iesum
924 4047 1032 4124 Chri-
1082 4057 1276 4148 cogitamus
1296 4053 1382 4128 haee
1396 4059 1519 4128 eadem
1536 4081 1614 4128 ossa
1633 4057 1714 4140 illa,
1742 4059 1874 4154 quibus
1894 4059 2075 4152 compagi-

57 4177 132 4234 tturn
146 4168 265 4238 omnis
274 4165 751 4255 bouiautoremreponatur‚
768 4169 802 4231 et
814 4149 919 4239 nihil,
935 4154 1030 4248 quod
1081 4171 1205 4230 natum
1220 4158 1308 4228 olim
1331 4159 1401 4230 fuit
1423 4182 1570 4252 corpus,
1603 4153 1838 4232 inhabitantis
1859 4159 1991 4252 gratiae
2007 4161 2074 4230 do-

57 4261 119 4336 [leo
130 4269 318 4362 proprium
329 4277 406 4352 cst,
429 4263 560 4336 sanctis
574 4262 768 4342 tribuatur,
791 4270 1031 4329 maturarem
1081 4258 1275 4346 micilium,
1303 4259 1434 4354 qulbus
1456 4253 1688 4332 cohaeserunt
1706 4261 1883 4346 membra,
1908 4260 1977 4330 iarn
1996 4263 2073 4352 pri-

58 4381 87 4436 at
99 4367 254 4442 conservi
273 4369 357 4466 (qui
377 4367 448 4438 iam
465 4374 672 4436 meruerunt
693 4360 770 4434 fieri
794 4378 1030 4450 supernorum
1082 4361 1163 4432 dem
1179 4361 1308 4454 templa
1325 4359 1480 4452 Spiritus
1499 4359 1612 4432 suncti
1629 4360 1753 4436 fuisse.
1804 4361 1886 4452 Qua
1908 4363 2074 4432 recorda-

57 4467 170 4542 cirium
191 4465 395 4564 consertes)
414 4486 609 4538 uousecus
630 4485 737 4556 quam
760 4457 824 4554 qni
844 4459 1030 4532 nobiscum
1082 4461 1179 4534 tione
1195 4460 1281 4534 fides
1305 4474 1427 4533 nostra
1451 4457 1637 4546 inDeum,
1658 4485 1734 4536 non
1750 4463 1920 4550 dubium,
1943 4463 2074 4534 excita-

56 4564 328 4644 adbucinearne
341 4581 429 4642 aaut
441 4565 553 4640 sancti
567 4563 636 4638 Dei
648 4559 821 4644 homines,
844 4561 891 4632 ad
902 4561 1031 4632 iuvan-
1082 4576 1161 4648 tur,
1193 4574 1252 4648 ut,
1287 4563 1587 4658 quemadmodum
1612 4561 1668 4632 illi
1691 4587 1755 4654 per
1779 4563 1885 4634 fidem
1910 4563 2073 4636 vicerunt

55 4673 107 4742 das
118 4687 258 4746 nostras
271 4693 395 4768 preces
408 4670 505 4764 apud
515 4665 634 4738 Deum
649 4663 899 4756 implorantur.
1082 4683 1209 4756 regna,
1234 4677 1270 4736 et
1290 4663 1425 4756 operati
1446 4676 1530 4734 sunt
1549 4661 1737 4749 iustitiam,
1763 4664 1814 4736 ita
1834 4679 1869 4738 et
1892 4687 1959 4736 nos
1983 4690 2074 4738 eun-

139 4771 185 4848 Et
198 4773 416 4870 qariafacilis
429 4775 484 4842 est
500 4764 722 4842 hominumn
736 4787 820 4836 vera
834 4761 970 4856 ,pietate
992 4761 1031 4834 iu
1083 4767 1164 4836 dem
1178 4762 1259 4853 fidei
1275 4763 1440 4860 spiritum
1457 4757 1645 4850 habentes,
1669 4788 1790 4838 eonem
1808 4767 1966 4860 exemplu
1987 4790 2074 4838 con-

55 4877 327 4968 cuperrtitinnem
344 4875 482 4968 lapsus,
500 4869 694 4960 diligenter
715 4889 757 4938 ac
770 4864 894 4938 sedulo
915 4864 958 4940 de
974 4856 1031 4932 bis
1084 4865 1230 4952 firmati,
1255 4867 1400 4938 adversa
1417 4865 1537 4935 omnia
1550 4863 1589 4936 in
1603 4863 1760 4937 Domino
1773 4867 1913 4940 vincere
1932 4867 2073 4938 annita-

54 4979 188 5049 doendi
210 4971 496 5064 sunthomin'es‚
520 4965 590 5042 hoe
606 4981 675 5052 est,
697 4969 744 5038 de
765 4965 970 5038 collocanda
993 4965 1032 5034 in
1084 4991 1176 5044 mur.
1214 4963 1455 5058 Quamobrem
1472 4965 1577 5038 etiam
1589 4963 1706 5038 Deum
1719 4981 1790 5040 tam
1805 4968 1955 5060 insignia
1971 4991 2074 5062 saepe

55 5079 153 5150 solum
168 5077 290 5150 Deum
306 5077 455 5160 fiducia,
481 5073 548 5144 soli
562 5069 638 5143 Deo
653 5065 819 5140 sacrificia
841 5065 1032 5146 offerenda,
1085 5065 1255 5159 miracula
1276 5069 1321 5141 ad
1346 5065 1547 5164 Martyrum
1567 5069 1755 5167 memorias
1777 5071 1945 5158 edidisse,
1977 5093 2074 5140 eom-

55 5181 154 5252 solum
174 5177 299 5251 Deum
318 5193 359 5251 ut
381 5177 530 5248 unicum
557 5171 681 5244 salutis
703 5181 845 5240 normae
872 5179 1032 5240 autorem
1087 5235 1312 5258 ...--.

1120 5323 1166 5391 77)
1183 5321 1253 5378 Bur.
1269 5333 1295 5378 et
1309 5319 1377 5376 Eeb.
1389 5335 1457 5387 cop.
1471 5315 1499 5376 8.

1157 5411 1167 5476 )
1229 5425 1254 5466 e.
1270 5415 1297 5460 et
1311 5403 1378 5460 Eat.
1393 5410 1573 5458 ornamento.

83 5367 108 5438 ⁸)
125 5369 190 5439 „De
209 5369 263 5424 bae
283 5377 374 5438 parte,
398 5375 425 5419 at
437 5381 519 5434 saper
532 5324 659 5434 sequenti
668 5365 846 5433 protestantes
858 5356 1035 5411 exbibuerunt

112 5457 188 5492 suum
205 5435 515 5508 seriptumdasanctis,
536 5430 764 5504 signatumlitrra
778 5425 828 5480 ΕΡ
863 5425 1034 5496 Mamarg.
1121 5407 1155 5462 7⁸
1185 5407 1228 5462 Βῑῑ

111 5505 138 5562 i
150 5507 219 5564 blel.
231 5503 312 5578 Opp.
909 5549 913 5556 ,
1122 5491 1167 5564 79)
1185 5491 1251 5548 Bne.
1265 5487 1370 5550 ellici.
1384 5485 1602 5558 aethraliquiis.

57 5581 223 5654 bracaru-
239 5585 347 5652 Oran.
373 5581 455 5650 vor.
469 5579 530 5648 lv.
1216 5561 1262 5638 15
