4780 6278
70 373 135 452 889
632 357 1073 441 EPlSTOLARUM
1130 359 1245 488 Lus·
1262 361 1327 434 lX.
1379 357 1513 438 1642.
2021 353 2099 426 890

69 533 560 618 mansiudiciacon'suiimus,
595 559 661 610 nos
681 535 795 608 ihrori
820 549 891 610 tarn
913 523 1070 610 multo-¹
1098 539 1245 606 hlonens
1272 533 1468 628 Episcopos
1498 527 1733 626 praeficerent.
1791 529 1883 602 Nam
1914 523 1984 598 hoc
2012 523 2091 594 olit-

69 671 140 718 rum
155 641 305 736 pauculi,
328 641 452 734 spreti,
480 641 674 713 imbecilles
689 641 858 712 obsistere
876 665 949 712 non
963 663 1048 732 pos·
1097 641 1189 708 cium
1206 629 1426 708 hauddubie
1443 639 1509 707 deo
1526 639 1667 708 debent.
1718 633 1818 706 Sient
1838 632 2091 723 scriptumest:

69 769 190 818 somus.
239 743 382 815 Sedma
398 743 585 814 confirmat
599 741 775 814 innostro
791 762 939 812 munere
953 743 1048 812 lilius
1098 738 1243 833 Aperite
1258 737 1569 832 portasPrincipes
1587 753 1730 816 vestras,
1755 731 1803 806 Er
1818 733 1992 804 tollantur
2005 753 2090 824 por-

68 843 140 932 dei,
164 845 223 940 qui
237 839 419 921 hocsuum
435 843 670 919 diversorium
685 865 824 936 semper
836 838 959 918 'eodem
974 845 1048 914 sere
1096 856 1152 916 tae
1168 842 1314 928 mundi,
1339 855 1381 912 ut
1395 837 1636 942 introeatRex
1654 837 1811 911 Gloriae.

67 951 165 1020 modo
183 972 245 1040 per
260 948 453 1018 imbecilles
469 946 690 1036 gubernavit.
732 941 982 1035 ¹Elegit'Deus,
1007 961 1045 1015 ut
1196 942 1291 1014 Corn
1314 944 1429 1033 igitur
1451 943 1534 1027 tibi,
1575 938 1884 1012 Reverendisstme
1905 929 2092 1026 Episcope,

68 1051 174 1146 iuquit
189 1047 335 1132 Paulus,
359 1049 498 1120 inhrma
516 1047 662 1129 mundi,
694 1059 736 1117 ut
754 1048 955 1140 pardefaciat
973 1047 1048 1116 ior·
1097 1045 1271 1114 audissem
1291 1047 1572 1114 commendatam
1588 1067 1661 1112 csse
1677 1035 1769 1112 hanc
1788 1037 2092 1132 gubernationem,

67 1153 120 1226 tia.
173 1147 255 1220 Non
284 1149 392 1238 igitur
424 1151 625 1218 deseramus
656 1147 844 1221 stationem
877 1161 1046 1222 nostram.
1098 1172 1203 1240 qrram
1227 1171 1324 1216 nunc
1347 1146 1590 1230 administras,
1626 1167 1700 1214 non
1722 1143 1825 1236 potui
1844 1162 1919 1212 non
1940 1139 2093 1232 probare

65 1251 148 1324 Nam
164 1261 198 1322 et
214 1251 288 1344 ipse
302 1249 396 1338 filius
411 1250 469 1320 dei
487 1249 693 1342 pollicetur,
726 1271 764 1318 se
784 1249 889 1322 nobis
903 1251 1049 1320 adiutu-
1098 1248 1307 1338 exemplnm.
1361 1245 1416 1316 Te
1432 1247 1575 1342 quidem
1592 1247 1664 1316 scio
1681 1244 1936 1316 alienissimum
1952 1263 2026 1310 esse
2046 1236 2092 1308 ab

66 1377 138 1424 rum
157 1373 245 1422 esse:
279 1373 362 1441 ego,
395 1350 530 1446 inquit,
561 1351 746 1422 vobiscum
767 1373 981 1450 sumusque
1002 1353 1046 1422 ad
1098 1349 1304 1432 ambitione,
1330 1361 1364 1418 et
1379 1373 1458 1418 cum
1474 1363 1620 1418 naturae
1635 1345 1889 1430 moderatione,
1914 1356 1989 1412 tum
2006 1357 2090 1410 raro

65 1453 395 1526 consummationem
409 1451 529 1526 seculi.
726 1485 729 1490 ·
1098 1453 1166 1520 iam
1190 1464 1328 1524 senecta
1352 1463 1385 1520 et
1408 1449 1590 1522 laboribus
1615 1450 1815 1520 conlectum
1845 1465 1964 1516 amare
1993 1453 2093 1513 tran-

155 1555 225 1626 Sed
242 1569 359 1626 tamen
376 1553 447 1624 alia
462 1551 714 1645 temporaaliis
736 1553 883 1624 laetiora
906 1567 991 1624 sunt
1015 1567 1049 1623 et
1099 1551 1330 1646 quillitatem,
1364 1577 1403 1622 ac
1428 1551 1473 1620 de
1496 1563 1557 1622 tuo
1581 1553 1697 1644 potius
1719 1549 1832 1620 solere
1856 1544 1936 1618 aliis
1958 1543 2093 1628 cedere,

66 1657 316 1750 umquittiora.
375 1653 559 1725 Interdum
589 1650 716 1726 habola
746 1657 843 1726 orbis
873 1669 1047 1726 terrarum
1099 1675 1299 1748 qrramcum
1317 1675 1495 1747 quoquam
1510 1651 1631 1726 rixari.
1683 1647 1848 1742 intelligo
1871 1641 1989 1720 ethoc
2007 1645 2093 1716 sub·

65 1759 135 1849 pios
151 1757 344 1850 principer,
368 1759 546 1850 qui'verne
560 1757 744 1826 doctrinae
757 1759 1047 1848 propagationem
1098 1755 1178 1824 iisse
1196 1765 1229 1823 te
1247 1757 1434 1824 molestum
1450 1779 1540 1826 onus
1558 1769 1592 1824 et
1610 1753 1794 1827 invidiam.
1845 1751 1916 1823 Sed
1932 1750 2092 1819 animum

63 1861 280 1944 adiuverunt,
300 1855 633 1938 utConstantinum,
653 1853 909 1934 Theodosium.
943 1857 1047 1928 Nunc
1098 1871 1198 1926 tuum
1217 1857 1340 1940 laudo,
1373 1859 1469 1950 qnod
1483 1853 1660 1926 Ecclesiae
1683 1879 1785 1926 causa
1807 1851 1925 1946 potius
1940 1847 2004 1920 has
2021 1849 2093 1920 dil-

65 1985 132 2028 nou
144 1961 260 2030 solum
276 1959 427 2032 Turrita
447 1959 627 2030 barbaries
648 1958 739 2048 gerit
762 1983 858 2030 arana
881 1961 1048 2030 adversus
1098 1957 1267 2028 licultates
1282 1959 1462 2027 adeundas
1480 1981 1554 2026 esse
1568 1957 1734 2028 censuisti
1748 1979 1854 2052 quam
1868 1956 1987 2025 locum
2004 1975 2092 2023 cou-

64 2057 188 2132 titoisd
204 2083 357 2144 nomen,
388 2061 450 2130 scd
473 2059 581 2131 etiem
602 2060 708 2131 multi
729 2083 828 2152 reges
850 2082 890 2130 ac
914 2061 1047 2152 princi·
1097 2061 1295 2128 cedendum
1318 2059 1422 2130 alteri
1444 2059 1588 2128 inimico
1608 2083 1716 2150 purae
1732 2058 1913 2128 doctrinae
1927 2049 2092 2146 Evange-

31 2181 132 2254 ·pes‚
155 2163 262 2238 titulo
276 2157 488 2248 Christiani,
511 2175 715 2251 grassem
729 2161 768 2232 in
785 2157 921 2234 Christi
937 2181 1046 2231 mem·
1098 2159 1150 2234 lii.
1202 2159 1241 2232 Si
1256 2159 1381 2232 caeteri
1396 2160 1573 2254 principes
1590 2185 1671 2230 vere
1686 2159 1807 2231 volent
1820 2155 2003 2229 consulere
2019 2155 2092 2226 suis

61 2265 139 2348 bra,
170 2279 209 2335 et
231 2285 359 2355 puram
373 2259 561 2350 Evangelii
580 2263 695 2333 lucem
719 2265 920 2356 opprimere
939 2277 973 2334 et
988 2287 1047 2332 ex·
1097 2257 1282 2345 Ecclesiis,
1308 2263 1451 2332 tandem
1467 2261 1598 2334 imitari
1613 2285 1672 2332 cos
1688 2255 1754 2332 hoc
1772 2259 1970 2354 exemplum
1984 2281 2093 2352 opor-

64 2365 414 2456 tiuguereeonantur.
465 2361 625 2435 ruamur
645 2365 732 2434 olim
748 2363 918 2458 Episcopi
942 2367 1047 2436 duces
1097 2364 1193 2438 tebit.
1244 2361 1334 2434 Nam
1351 2365 1446 2458 quod
1463 2365 1645 2458 disputant
1669 2363 1863 2464 adversarii
1889 2359 1942 2434 tui
1965 2361 2009 2430 de
2033 2383 2093 2430 ca-

64 2467 183 2560 reliqui
199 2479 320 2538 coctus
335 2464 644 2550 concionatorum,
676 2465 739 2558 qui
753 2481 786 2538 et
799 2465 1000 2536 eruditione
1014 2479 1045 2535 et
1096 2465 1226 2534 nonica
1262 2465 1453 2550 electione,
1493 2467 1683 2536 verborum
1718 2463 1915 2558 praestigiis
1950 2461 2092 2536 ludunt.

63 2569 243 2638 autoritate
267 2589 477 2638 consensum
500 2581 595 2637 recte
616 2565 820 2638 docentium
846 2569 1047 2638 tuebantur.
1097 2566 1169 2637 'l'ot
1192 2566 1262 2636 iam
1290 2567 1417 2636 seculis
1439 2569 1538 2638 nulla
1561 2567 1631 2636 snit
1655 2567 1824 2637 canonica
1848 2565 1990 2648 electio,
2030 2565 2092 2633 sed

64 2667 158 2738 Nunc
170 2667 357 2760 Episcopi,
388 2667 452 2762 qni
470 2681 552 2738 runt
568 2667 737 2738 satellites
750 2666 906 2740 Romani
921 2667 1047 2739 Ponti-
1097 2669 1153 2736 rel
1177 2667 1380 2760 principum
1405 2669 1620 2752 ambitione,
1661 2669 1716 2736 vel
1741 2667 2002 2762 conspiratione
2025 2667 2093 2734 ali-

63 2767 145 2854 teis,
172 2793 249 2840 uon
271 2767 378 2838 ruodo
391 2789 466 2840 non
482 2769 606 2840 iurant
619 2769 836 2840 curationem
851 2770 991 2862 piorum
1007 2771 1044 2839 in
1097 2793 1249 2864 quorum
1267 2785 1470 2863 potentum,
1493 2793 1556 2864 per
1569 2794 1696 2842 manus
1709 2773 1810 2841 datae
1823 2781 1907 2841 sunt
1920 2763 1986 2842 hae
1999 2763 2093 2838 Pro-

63 2871 256 2942 dirersorio
267 2865 420 2956 Christi,
441 2871 513 2940 ssd
534 2869 759 2942 latrocinium
784 2885 945 2943 exercent
968 2871 1046 2964 ipsi,
1098 2871 1251 2958 vinciae,
1285 2873 1339 2940 vel
1358 2867 1494 2943 Romae
1518 2885 1673 2964 carptae,
1707 2873 1833 2964 spretis
1855 2869 2032 2942 veteribus
2056 2885 2091 2940 et

60 2971 253 3044 defendunt
269 2971 492 3064 turpissimos
505 2993 644 3043 emeres
657 2995 697 3042 ac
713 2973 900 3044 manifeste
920 2987 1046 3044 contu·
1098 2973 1199 3041 novis
1221 2971 1428 3047 canonibus.
1485 2969 1678 3042 Doctrinae
1703 2996 1787 3043 vero
1817 2969 2029 3044 christianae
2055 2984 2091 3039 et

61 3075 218 3146 meliosus
237 3069 406 3144 adversm
420 3070 554 3158 Deum,
585 3073 820 3146 idolomanias
842 3075 880 3143 in
903 3075 1046 3145 invoca·
1097 3075 1365 3166 gubernationis
1382 3075 1477 3158 eius,
1508 3099 1598 3170 qrrae
1619 3075 1762 3168 proprie
1781 3054 1832 3146 e'st
1848 3073 2090 3174 ecclesiastica,

62 3176 151 3244 done
165 3177 332 3248 divorum
348 3173 436 3246 etin
452 3169 736 3266 prophanatione
750 3199 880 3246 coenae
895 3177 1046 3262 domini,
1096 3175 1195 3245 nulla
1221 3199 1364 3268 prorsus
1386 3173 1644 3265 esthabitatio.
1703 3165 1819 3262 llaec,
1855 3199 1948 3274 quae
1970 3198 2090 3260 narro,

62 3297 159 3364 rogas
186 3275 362 3346 libidines
389 3287 425 3346 et
452 3275 565 3346 multa
591 3275 778 3348 manifesta
803 3277 1046 3362 deliramenta,
1098 3277 1144 3350 ita
1166 3273 1349 3349 manifesta
1373 3291 1474 3369 scrut,
1503 3291 1544 3350 ut
1566 3303 1672 3348 neruo
1720 3279 1858 3352 namvis
1881 3277 2089 3370 imprudens

61 3373 274 3448 interficiunt
301 3375 380 3467 pina
406 3375 534 3448 metius
556 3375 757 3453 sentientes.
812 3375 910 3449 Haec
928 3401 1045 3474 neque
1097 3391 1130 3448 et
1152 3377 1284 3448 alicnus
1304 3401 1431 3470 negare
1452 3405 1491 3454 ea
1513 3379 1635 3474 possit.
1686 3305 2015 3452 dammucensis
2032 3403 2090 3448 re-

62 3477 206 3559 obscura
227 3489 330 3564 suat,
367 3497 484 3570 nonne
507 3478 665 3548 armasti
686 3501 707 3548 a
730 3479 941 3552 eommunis
969 3479 1045 3554 ulhr
1095 3479 1466 3550 stitnant'canonicam
1484 3481 1790 3575 sadiragatiouem,
1823 3505 1913 3577 quae
1937 3478 2011 3551 non
2037 3495 2090 3550 est

60 3583 161 3654 mue
174 3591 346 3674 pomum,
376 3579 448 3648 nisi
462 3579 563 3672 qnod
583 3579 798 3672 praetexitur
810 3581 928 3672 inepta
942 3581 1045 3658 ratio.
1094 3581 1203 3650 canius
1220 3589 1355 3652 tantum
1371 3571 1530 3662 ordinis.
1563 3579 1624 3659 sed
1648 3583 1888 3672 eruditarum,
1918 3579 2089 3672 honesto·

58 3679 816 3774 queosapienta-apolicamrhaedeeeot
834 3705 909 3754 noo
935 3678 1044 3782 ζυγο-
1096 3707 1193 3768 rum,
1223 3685 1366 3776 piorum
1388 3707 1429 3754 er
1450 3685 1617 3756 omnibus
1641 3685 1841 3762 ordinibus.
1892 3680 1997 3757 Nune
2017 3679 2089 3753 Ec-

58 3787 207 3874 μιιχιῖν,
249 3805 316 3852 nec
342 3803 364 3850 a
389 3781 573 3850 communi
599 3805 774 3854 consensu
805 3785 1044 3878 potentiorum
1095 3785 1220 3855 clasiae
1248 3797 1332 3858 aurat
1360 3809 1546 3880 oppressae
1576 3789 1765 3883 tyrannide
1789 3813 1808 3862 a
1831 3783 2009 3881 collegiis,
2048 3785 2086 3854 iu

54 3883 247 3956 discedere.
305 3876 403 3952 thee
440 3877 672 3974 Philosophia
710 3875 818 3956 habet
850 3881 1043 3984 [habeati]
1095 3885 1225 3980 quibus
1242 3887 1347 3957 etiam
1362 3887 1469 3982 siqui
1484 3901 1567 3958 sunt
1582 3889 1649 3958 viri
1666 3887 1769 3970 boni.
1802 3889 2088 3962 tamenviucuo·

54 3983 135 4058 alibi
149 4007 262 4056 mum
276 3983 415 4070 locam,
441 3983 683 4054 nonstabiliat
703 4005 842 4056 errores
863 4001 1044 4058 contume—
1096 4001 1153 4058 tur
1170 4011 1319 4058 rarrmero
1336 3999 1372 4060 et
1385 3987 1532 4060 audacia
1547 4014 1567 4059 a
1583 3987 1696 4064 malis.
1746 3985 1861 4064 Erant
1876 3987 1986 4082 igitur
1999 3989 2086 4059 honi

54 4083 478 4164 liososndvershsdam.
528 4079 600 4154 tter
624 4086 719 4154 enim
743 4087 899 4172 regulam
921 4085 1044 4158 inEc·
1094 4089 1281 4160 acaeteris
1303 4089 1491 4162 ordinibus
1513 4091 1725 4182 adiuvandi,
1759 4107 1799 4164 ut
1821 4093 1934 4184 gloria
1950 4085 2087 4163 Christi

54 4185 153 4262 etesia
170 4185 285 4258 attam
302 4181 493 4270 habemns,
514 4207 607 4280 quae
624 4185 676 4258 sic
692 4186 878 4278 praecipite
910 4187 950 4261 Si
968 4189 1044 4259 An·
1095 4189 1348 4278 illustraretur,
1392 4203 1427 4263 et
1465 4191 1569 4262 salaai
1610 4187 1795 4266 hominum
1822 4193 2086 4275 'consuleretur-

55 4291 148 4378 galus
172 4291 225 4360 de
244 4285 343 4358 coelo
364 4287 464 4358 aliud
485 4284 718 4378 Evangelium
744 4289 923 4376 «lacerarit,
958 4311 1044 4360 aua·
1094 4287 1163 4362 Sed
1184 4291 1702 4388 pellituremediosapientia,
1734 4291 1770 4366 vi
1787 4297 1923 4390 geritur
1942 4319 2015 4381 res,
2045 4295 2085 4365 iu

55 4385 168 4462 therua
190 4388 248 4464 sit.
295 4385 801 4462 Descreudusetesoeruudus
824 4405 891 4475 cst,
923 4415 962 4464 ac
985 4391 1044 4461 su·
1094 4383 1159 4461 hac
1176 4393 1380 4485 praesertim
1399 4419 1514 4470 causa.
1566 4393 1619 4466 De
1636 4393 1808 4470 electione
1825 4397 1940 4490 palam
1961 4397 2085 4468 vident

52 4491 385 4584 giendrrstmrquam
401 4481 604 4582 κάθαρμα,
639 4490 700 4584 qni
722 4487 1044 4565 delenditaldcolo-
1093 4491 1305 4580 adversarii,
1336 4519 1373 4566 se
1390 4521 1455 4566 nec
1468 4497 1646 4570 veteribus
1661 4521 1725 4568 nec
1742 4497 1845 4571 novis
1863 4499 2001 4590 legibus
2022 4523 2090 4592 pa-‚

54 4591 210 4682 μανίας,
249 4605 284 4662 et
307 4589 441 4662 bellum
469 4591 560 4680 gerit
587 4613 667 4662 cum
695 4593 813 4682 primo
842 4605 1043 4686 praecepto:
1093 4617 1189 4679 rere,
1219 4598 1281 4665 secl
1302 4597 1338 4666 vi
1354 4597 1575 4670 retinendam
1591 4613 1734 4670 censent
1750 4602 2003 4692 possessionem
2018 4625 2083 4694 po·

54 4689 128 4784 Ego
140 4689 513 4766 coenomanensem
525 4705 620 4774 tutta,
645 4693 706 4788 qui
721 4695 825 4787 aduri
841 4695 935 4764 tede
952 4709 1042 4766 terra
1093 4695 1273 4768 tertiaeet
1289 4695 1530 4790 voluptatum,
1562 4725 1602 4770 er
1625 4725 1694 4794 qrra
1716 4702 1829 4772 exarati
1853 4725 1890 4773 se
1910 4703 2084 4788 viderent,

55 4793 218 4892 Aegypti·
264 4789 361 4884 Ergo
375 4789 569 4886 Episcopot
586 4788 800 4866 illoshostes
814 4789 949 4867 Christi
967 4819 1042 4866 non
1092 4796 1121 4865 si
1145 4799 1189 4892 ad
1205 4797 1298 4890 leges
1314 4811 1447 4870 veteres
1461 4803 1642 4874 electionis
1662 4817 1923 4879 revocarentur.
1970 4801 2084 4895 Saepe

54 4899 169 4970 solum
190 4895 451 4990 relinquamus,
480 4893 671 4966 sedetiam
693 4905 862 4990 tanquam
884 4893 1043 4970 dinero—
1091 4891 1310 4984 stomachor,
1345 4901 1452 4970 obiici
1478 4902 1587 4996 uobis¹
1610 4903 1870 4994 neglectiooem'
1895 4929 2083 4990 canonum,

56 5021 136 5090 pere,
162 5000 320 5092 pollutos
337 4995 552 5066 idolomania
570 5009 605 5066 et
622 4995 789 5067 caedibus
804 4997 945 5090 piorum
962 5021 1043 5068 exe-
1092 5021 1172 5068 cum
1186 5013 1344 5071 veterum
1361 5015 1395 5074 et
1408 5003 1552 5074 utilium
1570 5027 1745 5078 cannarum
1762 5021 1944 5102 praecepta
1966 5007 2081 5077 multo

55 5121 204 5174 crenmr.
254 5099 295 5170 Si
317 5097 380 5192 qui
403 5121 487 5168 vero
510 5109 593 5168 sunt
616 5095 655 5166 in
676 5113 838 5170 eoeoetu
855 5097 1042 5184 sanabiles,
1092 5100 1192 5189 plura
1213 5123 1403 5195 separamur
1423 5129 1529 5198 qnam
1552 5103 1754 5182 aclvcrsarii.
1808 5105 1878 5200 ipsi
1900 5108 2082 5180 subarhi-

56 5193 121 5272 bos
144 5199 345 5286 hortemur,
380 5212 422 5270 nt
449 5219 488 5269 ss
513 5221 534 5270 a
558 5211 776 5270 caeterorum
798 5199 982 5274 sententiis
1007 5213 1042 5272 et
1090 5201 1162 5272 trio
1184 5203 1297 5292 figunt
1318 5215 1352 5274 et
1375 5205 1529 5296 refigunt
1552 5209 1692 5278 divinas
1722 5223 1756 5279 et
1781 5205 1955 5280 humanas
1976 5210 2079 5300 leges.

54 5303 211 5374 consitiis
238 5303 443 5390 sehrngant,
481 5313 517 5372 et
542 5300 715 5390 incipiant
735 5301 884 5392 gloriam
905 5297 1040 5372 Christi
1092 5301 1167 5372 lmo
1187 5315 1228 5374 ut
1249 5307 1293 5374 de
1307 5303 1451 5376 Solonis
1473 5309 1604 5380 tabulis
1624 5311 1879 5382 dictumestiu
1896 5311 2078 5382 comoedia

52 5429 197 5493 ornare,
216 5405 372 5476 aaaron
388 5423 472 5474 suae
486 5425 528 5474 ac
543 5397 710 5474 Ecclesiis
725 5401 920 5478 consulere.
958 5403 1039 5476 Uti·
1089 5401 1221 5476 Attica:
1260 5397 1452 5502 ‹ppciyouos
1470 5403 1643 5508 κᾶγχρυν
1661 5403 1831 5504 moliens,
1866 5427 2002 5495 torreat
2026 5413 2079 5482 ia-

53 5527 134 5580 tum
156 5509 252 5580 enim
274 5507 325 5600 pii
346 5503 526 5598 principes
543 5501 702 5594 collegia
726 5510 975 5598 repurgarent,
1004 5519 1038 5580 et
1088 5505 1204 5576 tinam
1218 5507 1371 5576 incertsis
1386 5509 1503 5600 legum
1526 5511 1667 5586 tabulis.
1719 5513 1779 5585 Sic
1797 5515 1989 5587 adversarii
2013 5537 2079 5584 no-
