4814 6262
76 345 136 420 tts
617 333 1067 418 -bPlSTObAliliM
1117 337 1226 418 [ΑΒ.
1252 337 1355 416 Vlll.
1395 338 1538 422 -1641,
2023 335 2103 484 iiiii

73 519 146 590 dnm
161 503 433 590 esseinterdum
448 503 703 609 perturbatum,
723 526 757 588 et
770 513 1059 607 metuere-ipsum
1210 511 1264 588 De
1279 529 1456 590 conventu
1469 515 1565 610 piget
1581 515 1744 588 scrihere.
1778 511 1871 585 Nam
1885 503 1996 584 ethes
2012 533 2100 582 con-

73 617 163 690 doios
178 631 215 690 et
229 619 389 694 insidias.
438 617 493 690 Ae
508 643 599 712 quae
611 630 727 710 potest
746 639 820 688 esse
834 639 914 709 spes
929 641 1058 710 propa-
1108 613 1305 690 ciliationes
1318 619 1477 704 falleres,
1502 614 1876 712 ptenassurpitudinis
1891 611 2101 706 etlpericuli,

72 721 198 810 gaudae
212 721 467 794 voeitatirenrs
482 721 605 794 ebrius
617 713 775 810 sophista
793 714 929 792 Eccius
946 719 991 787 ad
1005 730 1058 790 ta·
1107 717 1247 792 institui
1275 721 1428 806 nollem,
1468 719 1708 793 alienitatem
1738 704 1948 788 Alcibiadis
1973 711 2101 797 nostri,
2174 713 2181 728 '

72 823 110 892 lia
130 821 276 912 negotia
297 819 507 906 adhibetur,
545 823 608 916 qui
627 819 741 910 pluris
761 819 847 892 facit
866 813 1058 904 Bacchum,
1107 841 1213 912 quem
1229 844 1293 910 ego
1310 833 1492 914 tantopere
1503 819 1634 904 dilexi,
1658 841 1809 892 execror.
1860 813 1896 891 Is
1910 838 2008 888 nunu
2026 805 2100 906 sipt-

72 945 165 1018 quam
185 923 298 992 ullam
322 921 570 1012 relligionem?
606 917 655 998 Et
670 915 799 990 Iulius
815 932 909 990 totus
925 921 1058 1011 pendet
1107 917 1315 1016 φοεερίζων
1333 917 1393 992 hir
1414 916 1480 998 καὶ
1502 915 1604 1019 παρὰ
1625 911 1938 1014 Λακεδαιμονίοις
1958 911 2022 993 καὶ
2043 917 2099 1012 τῷ

72 1021 287 1114 εροοιίθοε;
307 1023 450 1108 tertius,
473 1016 678 1120 Groperus,
702 1021 759 1092 vir
774 1033 827 1092 est
841 1019 925 1092 satis
939 1021 1057 1090 bonus
1105 1019 1254 1117 βασιλεῖ
1263 1027 1384 1106 καλῶς
1406 1019 1574 1120 φέρεται,
1597 1017 1662 1098 καὶ
1678 1011 1924 1118 θεραπεύεται
1929 1068 1943 1118 ,
1969 1014 2099 1110 estber·

71 1139 99 1196 et
108 1125 310 1208 modestus,
341 1147 456 1217 neque
478 1125 585 1194 etiam
605 1123 789 1208 indoctus,
818 1123 880 1194 sed
896 1121 1059 1190 vincetur
1106 1119 1268 1194 nathaee
1283 1125 1430 1196 consilia
1445 1125 1747 1198 consiliationum.
1781 1119 1921 1192 Deiecti
1933 1130 2017 1188 sunt
2029 1140 2102 1206 sex,

71 1229 106 1298 sb
124 1249 202 1296 uno
223 1225 438 1296 elamoribus
460 1226 505 1296 ab
528 1225 640 1294 altero
663 1223 810 1307 astutia,
840 1235 875 1293 et
899 1223 1057 1292 fortassis
1106 1219 1253 1308 Iulius,
1277 1221 1431 1316 Eccins,
1455 1219 1684 1324 Gropperus,
1702 1219 1887 1306 Bactrus,
1911 1213 2099 1294 Pistorins

71 1329 136 1420 ipse
158 1350 303 1420 quoque
318 1349 399 1396 suas
417 1326 610 1417 peculiares
625 1325 780 1417 proferet
793 1321 981 1414 opiniones
994 1341 1058 1393 ve-
1107 1339 1142 1398 et
1155 1349 1232 1416 ego.
1282 1324 1451 1400 Ilerinos
1468 1329 1663 1420 Imperator
1679 1327 1853 1398 allocutus
1868 1336 1935 1409 est,
1967 1335 2003 1394 et
2017 1321 2100 1392 satis

71 1429 159 1504 riteti
173 1425 411 1518 Evangelirae
428 1451 503 1496 non
520 1449 584 1518 per
601 1425 721 1495 omnia
739 1423 1009 1512 eonsentientes.
1107 1427 1255 1500 comiter
1270 1423 1451 1514 hortatus,
1476 1443 1519 1502 ut
1530 1443 1691 1505 amanter
1709 1428 1955 1520 colloquamur
1969 1421 2013 1492 de
2033 1423 2101 1494 do-

161 1527 221 1598 ne
236 1528 367 1599 nostris
390 1521 565 1616 theologis
583 1527 768 1610 omnibns,
799 1524 862 1618 qui
881 1519 941 1594 hie
963 1535 1057 1609 sunt,
1093 1529 1297 1618 paratibus.
1346 1527 1541 1624 Nunquam
1562 1553 1617 1602 res
1632 1531 1801 1605 instmrta
1816 1537 1870 1598 est
1883 1523 2101 1597 insidiosius·

71 1631 153 1702 bene
169 1650 286 1721 spero,
307 1623 470 1722 mihique
484 1627 695 1720 peraradeo,
717 1645 777 1696 eos
790 1625 968 1697 averitate
980 1648 1057 1695 non
1105 1627 1179 1700 Ner
1194 1629 1299 1701 video
1311 1655 1378 1701 uos
1396 1627 1553 1702 humano
1569 1631 1717 1722 consilio
1734 1654 1776 1699 ex
1789 1623 1847 1698 his
1864 1625 1999 1722 laqueis
2016 1647 2100 1698 eva·

72 1733 294 1816 dbcessuros,
328 1729 481 1822 ideoque
503 1729 609 1802 etiam
631 1717 814 1812 existimo,
852 1725 1056 1798 institutum
1106 1733 1190 1800 dere
1207 1754 1321 1822 posse.
1370 1730 1491 1820 Quare
1514 1733 1659 1804 adiuvet
1678 1755 1744 1802 nos
1759 1729 1921 1822 precihus
1941 1727 2015 1798 suis
2028 1721 2104 1798 Ee-

72 1845 249 1904 trsrtatum
276 1855 318 1903 eo
341 1830 542 1902 breviorem
566 1829 746 1914 iutumm,
783 1841 818 1900 et
838 1827 879 1898 in
901 1828 1057 1920 primos·
1105 1831 1210 1902 clesia
1227 1845 1286 1902 tua
1297 1833 1499 1914 domestica,
1523 1857 1629 1926 ροειη
1644 1847 1686 1902 ut
1700 1829 1798 1902 Deus
1815 1842 1941 1914 servet,
1965 1852 2007 1898 es
2022 1825 2102 1898 ani-

73 1933 386 2023 diisi'disseusiones
407 1931 671 2003 tantasiuturas
687 1952 761 2000 esse
782 1929 876 2000 inter
891 1929 1056 2009 delectos,
1105 1955 1166 2002 mo
1192 1947 1287 2024 opto.
1354 1932 1394 2004 Si
1416 1930 1554 2004 Eccins
1581 1947 1660 2022 aget
1689 1957 1752 2002 suo
1774 1955 1873 2000 more
1895 1927 2102 2014 violentius,

71 2047 105 2106 ut
123 2045 243 2126 postea
267 2055 406 2104 necesse
438 2031 504 2118 sit,
540 2029 725 2108 Caesarem
755 2030 824 2104 alia
848 2031 987 2101 ratione
1011 2030 1055 2110 de
1105 2035 1225 2104 minus
1250 2032 1318 2104 erit
1340 2035 1501 2126 periculi.
1562 2032 1612 2106 Et
1633 2057 1734 2128 spero
1757 2031 1815 2104 sui
1840 2027 1991 2102 similem
2013 2029 2102 2106 sore.

71 2159 146 2228 ΡΜ
161 2131 414 2204 constituenda
428 2131 636 2207 deliberare·
853 2221 856 2230 ,
1104 2133 1197 2208 Nam
1211 2135 1294 2227 quia
1308 2131 1440 2208 habent
1462 2135 1537 2206 iam
1550 2136 1729 2210 irretitum
1752 2125 2008 2231 Alcibiadem,
2031 2148 2101 2234 pn·
2153 2211 2159 2218 ,

161 2233 261 2305 Haec
275 2235 370 2310 dom.
378 2231 422 2302 V.
435 2233 571 2325 optimo
586 2233 705 2305 studio
719 2231 949 2323 significanda
959 2225 1057 2316 duxi,
1106 2235 1196 2308 tabit
1211 2260 1277 2306 uos
1292 2237 1332 2308 iu
1345 2251 1443 2310 metu
1457 2261 1549 2324 esse,
1574 2251 1611 2310 et
1622 2248 1702 2328 aget
1716 2233 1837 2304 omnia
1850 2223 2100 2332 θρασύτερον.

71 2337 122 2408 rui
136 2359 192 2408 me
207 2337 366 2407 studiose
381 2335 605 2412 commendo.
655 2333 754 2404 Beue
769 2333 885 2406 valeat
899 2335 957 2406 do.
969 2343 1056 2404 vest.
1104 2335 1223 2427 Magis
1248 2352 1368 2409 metuo
1397 2334 1559 2410 Aenidae
1585 2332 1623 2436 *)
1657 2335 1954 2424 moderationem,
1990 2356 2101 2430 quam

71 2435 398 2512 nsaehambonae
411 2429 728 2526 dieXlillAprilis
736 2457 832 2506 anno
842 2437 935 2508 dom.
947 2431 1055 2508 1541.
1105 2434 1214 2510 huius
1233 2433 1440 2536 θορύβους.

470 2534 515 2605 V·
530 2537 589 2655 §¹⁰-
604 2535 799 2610 ⁸¹¹¹di⁰⁵f⁸b
1207 2551 1350 2626 Heriex
1363 2548 1568 2628 Pannonio
1590 2553 1874 2648 litterasacrepi,
1903 2553 1945 2626 in
1967 2553 2098 2650 quibus

416 2635 624 2708 Frflnfflfflii
639 2633 835 2728 Bufiffiffl
849 2633 1005 2709 Gincflfl·
1107 2658 1296 2750 aquodam
1313 2671 1435 2728 nostro
1449 2658 1583 2746 amico,
1613 2655 1760 2730 homine
1783 2681 1857 2728 non
1872 2679 1985 2738 nano,
2012 2655 2101 2726 seri-

337 2765 340 2776 '
1106 2755 1223 2842 bitur,
1254 2751 1429 2830 Turcicos
1444 2760 1616 2832 exereitus
1628 2759 1788 2832 revocari
1802 2758 1843 2828 iu
1860 2756 2001 2852 Syriam
2014 2779 2100 2846 pro-

1105 2871 1186 2952 pter
1197 2853 1345 2946 Persas,
1371 2862 1433 2956 qui
1446 2862 1602 2954 recipere
1615 2859 1759 2955 'Syriam
1775 2872 1962 2932 conantur.
1999 2853 2099 2946 Quid

81 3007 132 3078 No
157 3003 258 3078 2204
884 3013 943 3078 23·
963 3003 1032 3088 ΔΡ,
1106 2961 1340 3032 tribuendum
1364 2963 1412 3033 sit
1432 2957 1489 3032 his
1511 2963 1737 3034 sermonibus
1757 2961 1895 3046 neseio,
1917 2959 1990 3036 ¹sed
2005 2955 2098 3030 illud
2133 2993 2139 3008 ι

69 3057 276 3142 ...ξ-,3
876 3051 1049 3128 002
1107 3075 1262 3155 constat,
1293 3055 1441 3134 Pasiam
1464 3064 1650 3136 obsidione
1663 3065 1848 3134 liberatam
1864 3081 1956 3146 esse,
1988 3057 2100 3132 inter-

333 3151 481 3240 lottclt.
513 3149 773 3240 Gamwart'o.
1003 3179 1008 3192 ·
1106 3165 1197 3234 lecto
1212 3161 1332 3252 Duce,
1365 3166 1429 3260 qui
1453 3166 1522 3237 luit
1546 3167 1740 3258 praelectus
1754 3155 1952 3256 Belgrndi.
2002 3160 2100 3236 Scri-

691 3277 694 3286 '
1106 3265 1190 3336 bam
1207 3291 1247 3336 co
1277 3267 1385 3336 iois
1559 3291 1617 3336 am
1659 3293 1680 3336 o
1786 3265 1954 3336 olluentio
1970 3283 2013 3334 sn
2062 3281 2100 3334 e-

129 3333 264 3410 ximi
277 3331 419 3392 cmm
435 3332 600 3408 imm·
620 3331 673 3404 (ω’
688 3332 778 3391 Μ’
794 3332 842 3394 '⁵¹²'
855 3331 903 3390 Ν·
928 3353 970 3407 ‘¹³⁸
984 3334 1056 3405 ω’)
1107 3367 1235 3438 ditabit
1249 3281 1873 3458 drghthehthlstliuou'ehirsdrddbito‚
1906 3365 1995 3459 quin
2009 3284 2099 3434 hihi

71 3487 223 3572 Clarias.
247 3501 280 3566 ei
309 3499 379 3590 opt.
395 3489 489 3576 isira
512 3485 542 3562 Ι
546 3484 760 3564 oachimo
782 3484 1058 3568 Comum„
1107 3481 1144 3539 et
1156 3469 1290 3539 uostris
1311 3469 1480 3542 acerrima
1497 3470 1690 3540 certamina
1703 3471 1823 3540 lutura
1844 3467 2010 3540 sintcum
2028 3459 2099 3534 ΑΙ-

365 3581 509 3664 ’ωηῐω
526 3617 594 3664 sm,
612 3591 742 3667 cumps,
1108 3565 1263 3646 cidiode.
1312 3567 1349 3642 Ο
1369 3595 1622 3642 veramvocem
1643 3569 1776 3640 Psalmi
1799 3570 1845 3640 de
1865 3565 2013 3659 perfidia
2031 3561 2099 3638 ho-

1106 3671 1257 3746 minum.
1306 3669 1473 3755 Calamus
1489 3671 1597 3762 igitur
1611 3665 1879 3762 Philosophieas
1892 3667 2074 3744 amicitias.
2165 3689 2169 3696 ’

1206 3800 1299 3874 Heri
1313 3806 1457 3875 advenit
1468 3797 1670 3902 Philippus
1684 3795 1906 3873 Palatinus:
1929 3823 1976 3870 an
1989 3801 2099 3873 irater

1106 3917 1271 3978 tunsuna
1287 3905 1482 3987 advenerit,
1502 3907 1662 3980 nondum
1678 3907 1762 3979 scio.
1787 3903 1857 3977 Sed
1868 3917 1900 3974 te
1916 3903 2020 3973 ambo
2037 3927 2097 3972 ex·

1106 4019 1302 4098 pectamur,
1326 4007 1391 4078 etsi
1407 4001 1489 4078 siolo
1503 4020 1538 4078 te
1551 4007 1792 4099 valetudinem
1808 4021 1905 4078 tuam
1922 4003 2097 4074 anteferre

1106 4119 1246 4176 nostrae
1255 4105 1439 4202 voluptati.
1487 4103 1586 4178 Bene
1599 4107 1689 4181 vale.
1711 4108 1769 4178 die
1786 4105 1860 4176 divi
1876 4103 2036 4194 Georgii,
2057 4127 2098 4173 ex

74 4251 140 4338 sio,
179 4251 281 4322 euius
302 4247 490 4340 praecipua
519 4248 559 4316 in
583 4241 772 4318 Academia
802 4261 855 4318 est
875 4251 1055 4335 autoritas,
1105 4208 1251 4302 ‘mliqua
1275 4205 1426 4279 C⁰¹⁰¹¹i²¹
1446 4203 1678 4300 RiP‘i‘lfflum
1703 4199 1776 4304 “l-
1834 4205 1991 4278 Salutem
2014 4217 2098 4295 ⁰t>t⁰

75 4369 199 4442 gratam
216 4347 627 4438 luissesignilieatiouem
642 4362 722 4418 tuae
739 4349 944 4424 voluntatis.
983 4351 1054 4422 Sed
1105 4301 1293 4478 ιὲῃεδῖῐῗδ·
1316 4307 1469 4398 Οοῃίυὲῐ
1485 4323 1585 4396 “¹³⁰2
1607 4299 2098 4430 Miqlc⁰²fiDAEJ¹d⁰⁰ifi⁰s

75 4455 202 4524 ,damst
231 4451 369 4522 differri
397 4449 689 4521 deliberationem
718 4451 762 4522 de
789 4445 979 4522 Academia
1009 4455 1051 4524 ad
1144 4407 1304 4491 urbicio,
1337 4425 1372 4482 et
1393 4404 1583 4481 Matilica.
1634 4407 1743 4480 Mitto
1764 4411 1832 4480 tsbr
1846 4407 2037 4478 versiculos
2057 4430 2097 4476 m

1105 4529 1212 4580 curru
1227 4511 1347 4597 iactos,
1369 4513 1434 4582 etsi
1449 4535 1572 4584 currus
1586 4511 1703 4582 Musis
1717 4511 1863 4602 gratiam
1877 4533 1951 4580 nun
1966 4509 2098 4580 bonam

1105 4611 1237 4682 retulit.
1294 4611 1348 4682 Te
1369 4637 1455 4704 rogo
1477 4627 1518 4683 ut
1542 4614 1670 4684 iterum
1693 4608 1783 4681 mihi
1811 4611 1931 4682 mittas
1955 4633 2097 4680 cannen

1105 4725 1207 4784 tuum
1222 4711 1393 4802 latinum,
1417 4715 1563 4785 missurn
1580 4711 1830 4784 Wormaclam
1845 4715 1888 4782 de
1906 4712 2097 4785 sententia:

1104 4809 1225 4882 Nolite
1248 4813 1383 4887 timere.
1447 4811 1537 4890 Nam
1560 4807 1734 4908 Gryneus
1756 4825 1790 4884 et
1812 4828 1911 4884 tuum
1935 4809 2097 4906 archety-

1105 4937 1190 5006 pum
1206 4928 1241 4984 et
1255 4915 1467 5006 descriptum
1485 4907 1713 5010 aCrucigero
1730 4915 1926 5006 exemplum
1939 4913 2096 4998 retinuit,

72 3729 109 3820 S.
121 3745 167 3818 D.
217 3743 393 3816 Volebam
408 3743 449 3812 in
468 3741 638 3834 proximis
653 3742 784 3814 litteris
799 3743 965 3816 mandata
980 3734 1058 3816 Co·

75 3845 217 3919 micinni
235 3843 440 3937 complecti,
473 3845 535 3914 sed
560 3845 645 3913 dum
666 3867 838 3938 propero,
872 3858 909 3918 et
928 3869 1057 3920 manus

74 3952 233 4020 delamata
247 3949 357 4037 riget,
382 3959 417 4016 et
430 3945 588 4015 omeiatu
604 3943 815 4040 impeditur,
840 3970 922 4018 eum
936 3948 1054 4021 lurum

75 4049 305 4140 praetenuisi,
343 4046 549 4136 praesertim
583 4067 663 4116 eum
687 4042 813 4116 Gallos
843 4047 944 4117 brevi
965 4049 1055 4120 istuc

75 4153 176 4224 ituros
197 4169 272 4220 esse
295 4147 431 4220 scirem.
483 4135 728 4216 Gnnsieionns
747 4149 906 4218 narravit
927 4143 1057 4220 Foed-

77 4553 203 4626 llsium
222 4573 352 4646 usque,
386 4573 456 4642 quo
474 4549 692 4622 conveniunt
712 4545 770 4631 hi,
803 4550 866 4644 qui
887 4569 1055 4643 praesunt

78 4653 288 4744 Quaestoriis
309 4651 519 4726 rationibus.
568 4649 661 4722 Nam
677 4651 825 4722 omnino
842 4648 1055 4724 Academiae

76 4779 156 4847 opus
174 4769 225 4828 est
243 4756 451 4825 obsessione.
513 4747 617 4824 Nunc
639 4753 736 4822 euim
757 4753 893 4825 reditus
915 4755 976 4825 vix
1004 4769 1056 4827 est

78 4858 218 4927 duorum
230 4857 396 4927 millium.
434 4847 483 4922 Et
497 4854 542 4922 de
556 4851 733 4944 Sportulis
747 4875 808 4924 seu
822 4856 954 4926 mensis
968 4853 1056 4926 Col-

79 4957 238 5048 legiorum
272 4955 489 5026 instituenda
520 4954 612 5024 rstio
637 4948 694 5024 his
715 4956 939 5044 temporibus
968 4983 1055 5028 eou-

80 5079 207 5146 gmm„
270 5055 506 5126 pmmfflebat
527 5067 643 5124 „mem
667 5069 749 5149 po„
769 5055 831 5124 ffla
854 5059 1054 5152 quaestoria
1105 5017 1259 5110 quodam
1283 5039 1404 5088 amore
1424 5015 1609 5112 utriusque
1630 5029 1665 5087 et
1682 5016 1913 5088 admiratione
1927 5015 2097 5110 picturae·

1651 5111 1842 5214 Philippus
1868 5109 2042 5190 Melanth.

79 5161 221 5248 negotia,
252 5159 430 5241 futurum,
461 5167 501 5225 nt
522 5153 627 5230 Puhl.
642 5156 787 5226 nomine
802 5157 941 5228 litterae
957 5163 1001 5230 ad
1019 5173 1054 5230 te

79 5261 300 5333 mitterentur.
351 5255 483 5328 Aberat
498 5249 707 5342 Foedsins,
739 5281 819 5328 cnm
841 5257 964 5352 Lipsia
986 5261 1054 5334 iter
1102 5297 1331 5316 ---

79 5361 266 5432 iacemus.
315 5355 464 5452 Alioqui
486 5371 520 5428 et
535 5381 604 5476 'ego
620 5382 700 5430 cnm
721 5381 763 5430 eo
777 5360 822 5428 de
840 5353 906 5430 hae
920 5387 959 5434 re
978 5363 1052 5434 col·
1137 5391 1268 5474 „pm
1280 5401 1418 5477 &0995
1429 5401 1464 5462 ς,
1483 5403 1543 5464 w,
1556 5431 1593 5450 ,,
1614 5403 1711 5466 poffi,
1724 5405 1858 5466 mmm
1873 5405 1974 5466 3„„„,⁴

80 5457 205 5538 loeutus
217 5485 339 5538 essem
385 5457 459 5534 Ner
472 5459 630 5533 desmsm
647 5483 720 5534 esse
736 5455 908 5542 hortator.
1135 5489 1182 5562 aa)
1197 5489 1354 5547 munna
