4814 6262
82 311 154 384 aot
237 307 249 318 ’
652 303 1086 443 Emsronattum
1135 303 1375 394 attavus.
1431 315 1568 396 ldlls
1868 317 1874 332 '
2049 317 2126 394 202
2209 362 2213 376 ›

521 381 530 414 1

81 484 252 556 convenit
267 485 356 558 tales
368 483 558 576 diligenter
570 463 778 575 adhortari,
795 489 895 560 ntiis
909 485 952 582 ²¹)
973 489 1081 560 dnbi—
1134 489 1318 560 doctrinae
1340 511 1380 560 sc
1404 502 1723 573 sacramentorum,
1757 491 1950 574 secundum
1975 485 2126 564 catholi-

81 585 280 658 tationibus
306 587 557 680 promissiones
577 585 712 662 Christi
737 591 876 662 fortiter
897 604 1081 684 opponant
1132 613 1228 676 eam,-
1253 586 1487 662 orthodoxam
1503 603 1537 663 et
1551 586 1793 684 Apostolicam
1807 591 2017 664 doctrinam.

81 701 116 758 st
137 689 264 780 angeri
277 687 354 760 sihi
370 689 473 760 tidem
496 692 630 762 sedulis
643 693 808 784 precibus
826 703 947 779 orent,
981 693 1079 764 iuxta

82 789 192 878 qlod,
214 787 485 880 Admfflmbis
501 790 657 884 Domi&
671 795 789 869 fidem
1234 721 1277 793 ln
1301 717 1370 795 hoc
1394 737 1496 796 coetu
1520 723 1723 820 quicunque
1744 722 1783 792 in
1805 723 1942 794 unitate
1961 747 2064 796 verae
2088 749 2127 796 ac

1131 825 1233 894 vivae
1251 825 1333 896 fidei
1349 849 1415 919 per
1435 821 1615 896 caritatem
1628 824 1799 910 efficacis,
1830 823 1897 897 snb
1916 840 1993 896 nno
2016 829 2128 919 capite

181 915 390 994 Christiano
403 919 447 1020 ¹⁴)
474 923 600 1022 cuique
621 927 733 998 debet'
749 949 822 998 esse
851 939 1081 1020 compertum,
1131 922 1284 1012 Christi,
1311 941 1345 999 et
1359 927 1688 998 subministratione
1703 923 1859 1020 Spiritus
1871 929 1982 998 sancti
2002 926 2129 1000 cohae-

82 1049 153 1096 non
178 1022 218 1094 in
232 1017 434 1124 hoc'datam
452 1049 525 1096 csse
547 1027 650 1099 nohis
666 1025 759 1100 hanc
773 1029 922 1120 gratiam
938 1043 972 1100 et
987 1024 1081 1099 hanc
1131 1043 1230 1115 rent,
1264 1043 1300 1100 et
1322 1029 1454 1100 eisdem
1475 1029 1700 1100 sacramentis
1722 1027 1955 1121 spiritualiter
1968 1051 2129 1101 commu-

82 1126 387 1218 regenerationem
408 1122 465 1222 ⁸),
512 1142 552 1200 ut
573 1129 613 1199 in
635 1155 675 1202 eo
701 1133 813 1222 gradu
836 1131 1081 1202 innovationis
1131 1129 1271 1218 nicant,
1302 1123 1343 1200 hi
1367 1131 1434 1201 soli
1451 1157 1527 1202 cam
1549 1127 1751 1202 Ecclesiam
1768 1131 2007 1217 constituunt,
2039 1155 2129 1226 quae

81 1241 245 1314 nostrae,
277 1253 382 1324 quem
398 1230 556 1322 primum
581 1233 676 1304 nacti
699 1255 838 1318 snmus,
870 1233 976 1304 otiosi
994 1256 1080 1304 con·
1131 1255 1151 1301 a
1176 1229 1288 1305 Paulo
1309 1234 1482 1325 templum
1503 1245 1663 1303 sanctum
1687 1245 1722 1301 et
1741 1233 1867 1303 domus
1883 1229 1969 1317 Dei,
2002 1256 2129 1326 corpus

81 1333 267 1415 sistamus,
292 1329 567 1404 sed'crescamus
581 1333 621 1402 in
638 1335 754 1426 ipsum
768 1359 831 1427 per
845 1335 983 1421 omnia,
1016 1333 1080 1428 qui
1129 1327 1285 1420 Christi,
1309 1329 1502 1406 1Corinth.
1516 1337 1553 1410 6.
1577 1329 1736 1427 Ερὴε.2.
1756 1345 1791 1404 et
1807 1330 1844 1407 4.
1870 1333 2020 1406 lTimo.
2038 1336 2074 1412 5.
2093 1349 2127 1405 et

82 1446 266 1526 estenpnt.
321 1427 477 1528 ldeoqoe
499 1435 680 1506 docendus
698 1435 936 1528 estpopulus,
966 1449 1008 1507 ut
1020 1437 1081 1508 det
1131 1459 1151 1505 a
1174 1431 1335 1506 Iohanne
1357 1435 1481 1507 civitas
1511 1449 1629 1506 sancta
1648 1433 1840 1514 Ierusalem
1869 1437 2084 1507 descendens
2108 1460 2126 1502 c

81 1559 226 1628 operam
243 1529 327 1604 huic
344 1549 551 1626 augmento,
576 1539 673 1632 quod
691 1537 833 1632 quidem
849 1538 890 1609 fit
905 1561 969 1632 per
984 1539 1079 1608 hona
1132 1537 1257 1624 coelis,
1290 1551 1491 1610 constructa
1504 1533 1546 1633 ¹²)
1563 1537 1654 1608 vivis
1670 1537 1870 1630 lapidibus,
1900 1533 2048 1630 Apocal.
2066 1537 2128 1610 ΞΩ.

81 1659 207 1730 opera,
239 1648 276 1706 et
300 1636 442 1707 interna
464 1649 499 1707 et
522 1651 681 1724 externa,
716 1636 835 1710 aDeo
857 1641 1023 1712 mandata
1045 1654 1079 1712 et
1131 1638 1278 1710 dicitnr:
1310 1633 1372 1710 hic
1397 1653 1449 1709 est
1467 1639 1621 1733 populus
1634 1635 1703 1708 Dei
1721 1649 1880 1719 sanctus,
1914 1641 2128 1712 emundatus

81 1740 346 1822 commendata,
377 1740 507 1832 quibus
520 1735 617 1810 Deus
633 1740 796 1832 promisit
811 1756 958 1834 propter
972 1737 1080 1816 Chri·
1131 1741 1176 1810 ab
1191 1742 1292 1810 omni
1308 1741 1514 1835 iniquitate,
1534 1739 1760 1832 acceptabilis
1774 1737 1871 1826 Deo,
1896 1753 2045 1814 sectator
2060 1743 2127 1812 bo-

84 1840 228 1912 stumin
244 1839 409 1932 pluribus
424 1841 511 1911 locis
527 1839 717 1934 Evangelii
734 1843 827 1914 clare
844 1857 879 1916 et
893 1844 1078 1915 manifeste
1130 1866 1260 1912 norum
1285 1867 1454 1936 operum,
1486 1843 1531 1912 ad
1547 1841 1622 1916 Tit.
1635 1843 1672 1916 2.
1706 1839 1781 1930 Qui
1796 1843 1982 1930 allegorice
2002 1839 2127 1914 hortus

84 1943 298 2027 mercedem,
329 1943 426 2012 hona
450 1955 520 2012 tam
541 1945 700 2036 corporis
722 1969 831 2039 qnam
850 1945 1013 2037 spiritus,
1039 1945 1078 2014 in
1131 1943 1335 2030 conclusus,
1361 1946 1518 2034 signatus
1530 1945 1627 2029 sons,
1652 1955 1903 2037 puteusaquae
1918 1946 2037 2030 virae,
2063 1969 2127 2038 pa·

83 2041 257 2128 hacvita,
283 2057 390 2136 prout
406 2045 547 2114 divinae
568 2045 813 2140 providentiae
828 2047 944 2118 visum
959 2047 1078 2128 fuerit,
1130 2045 1269 2116 radisus
1291 2071 1371 2116 cum
1392 2049 1510 2116 fructu
1520 2063 1732 2138 pomorum,
1763 2045 1803 2114 in
1828 2045 2126 2138 scripturisprae-

82 2159 220 2238 etpost
248 2140 343 2214 hanc
363 2145 474 2216 vitam
495 2146 537 2215 in
560 2148 677 2219 coelis.
738 2147 894 2242 ldeoque
918 2149 1080 2242 quarnvis
1131 2146 1289 2238 signatus
1307 2159 1369 2218 est.
1419 2145 1517 2218 Haec
1532 2161 1584 2218 est
1599 2145 1661 2217 illa
1671 2143 1827 2217 Ecclesia
1846 2147 2038 2219 electorum
2048 2146 2127 2233 Dei,

83 2243 383 2320 haereditasvitae
397 2263 559 2320 aeternae
573 2255 719 2342 propter
730 2251 1000 2342 promissionem
1016 2251 1080 2320 de·
1131 2249 1266 2320 occulta
1285 2249 1406 2336 nobis,
1421 2250 1571 2338 cognita
1586 2273 1670 2319 vero
1685 2249 1754 2318 soli
1761 2244 1804 2344 ²⁸)
1819 2245 1915 2336 Deo,
1936 2251 2026 2320 sicut
2040 2251 2127 2320 scri-

82 2350 207 2422 beatur
221 2349 367 2434 renatis,
381 2347 580 2420 etiamtum
594 2351 751 2442 primum
768 2347 957 2424 inChristo
965 2351 1079 2424 renati
1129 2363 1231 2446 ptum
1248 2365 1309 2436 est,
1335 2349 1606 2442 cognovitDens
1622 2350 1781 2446 quisunt
1795 2351 1890 2437 eius,
1914 2353 1940 2423 2
1958 2351 2074 2426 Timo.
2090 2353 2126 2424 2.

82 2465 173 2537 sunt,
186 2445 428 2522 nihilominus
440 2451 558 2523 reddit
566 2449 663 2524 Deus
677 2454 782 2524 etiam
793 2453 900 2524 boni's
912 2454 1079 2546 operibus
1131 2451 1174 2521 ln
1189 2476 1258 2545 qua
1276 2453 1316 2521 in
1329 2452 1527 2544 praesentia
1542 2467 1644 2538 sunt,
1677 2452 1878 2546 quicunque
1893 2453 1976 2524 fidei
1993 2467 2028 2524 et
2043 2451 2127 2524 cha·

84 2554 299 2640 mercedem,
340 2577 414 2624 non
438 2556 634 2624 secundum
654 2554 887 2626 substantiam
919 2579 1078 2648 opernm,
1131 2553 1244 2624 ritatis
1268 2553 1433 2646 spiritum
1450 2579 1525 2624 non
1549 2555 1737 2638 amittunt,
1770 2550 1862 2630 Heb.
1878 2555 1912 2626 3.
1948 2552 2026 2627 Etsi
2052 2580 2124 2627 non

84 2655 506 2752 nequesecuudumqnod
522 2669 607 2726 sunt
622 2679 642 2726 a
657 2657 773 2742 nobis,
790 2657 849 2728 sed
860 2657 1079 2752 quatenusin
1130 2655 1262 2748 pariter
1276 2679 1399 2726 omnes
1418 2657 1565 2726 eandem
1589 2655 1734 2746 spiritus
1751 2657 2001 2746 perfectionem
2017 2659 2127 2750 porti·

83 2757 276 2842 hdefiunt‚
303 2755 623 2848 et'suntaSpiritn
642 2773 785 2846 sancto,
809 2759 870 2854 qui
887 2755 1078 2834 habitatin
1131 2757 1265 2850 cipent,
1296 2753 1635 2836 Rom.1a.14.15.
1667 2751 1781 2849 Ephe.
1799 2753 1835 2828 4.
1870 2755 1913 2827 ln
1931 2784 2002 2853 qua
2020 2761 2126 2832 etiam

82 2859 185 2930 uobis
208 2873 443 2930 concurrente
464 2859 578 2930 libero
602 2859 768 2948 arbitrio,
802 2875 972 2956 tanquam
995 2885 1078 2954 par·
1129 2859 1157 2928 ii
1174 2871 1381 2947 censentur,
1408 2859 1473 2930 etsi
1491 2883 1565 2930 non
1584 2858 1856 2952 inpraesentia,
1881 2862 2125 2950 praedestina·

84 2961 155 3032 ticli
171 2973 309 3050 agente.
442 3001 451 3010 -
1130 2955 1366 3032 tionetamen
1389 2957 1476 3048 Dei,
1518 2983 1608 3056 qnos
1637 2959 1699 3032 ille
1731 2964 1988 3032 convertendos
2013 2963 2125 3048 novit,

178 3089 228 3164 Et
244 3091 399 3185 amplior
413 3105 448 3162 et
465 3095 581 3165 maior
593 3095 742 3166 felicitas
757 3097 825 3166 erit
839 3121 981 3182 eorum,
1014 3097 1077 3190 quq
1129 3063 1194 3134 etsi
1207 3063 1312 3182 nobis
1333 3063 1420 3134 soris
1437 3085 1510 3134 esse
1526 3064 1732 3182 rideantur,
1764 3065 2060 3184 quemadmodum
2078 3061 2124 3136 D.

83 3195 214 3266 maiora
237 3195 390 3286 peplum
406 3219 513 3287 opem
533 3197 710 3284 fecerum,
742 3211 887 3290 propper
905 3221 1078 3288 augmen?
1128 3161 1350 3256 Augustinus
1374 3167 1419 3236 de
1433 3163 1616 3258 Baptrsmo
1642 3177 1765 3236 contra
1787 3161 1990 3238 Donatrstas
2011 3167 2074 3240 hh.
2088 3163 2123 3240 5.

84 3313 155 3372 tum
168 3297 252 3366 fidei
270 3309 306 3368 et
319 3291 517 3384 charitatis,
543 3297 581 3368 in
598 3323 668 3394 qua
684 3312 870 3370 creverunt
890 3295 1077 3372 huiusmo-
1128 3289 1203 3359 c³P·
1220 3267 1281 3338 ²7·
1300 3269 1414 3341 docet·

85 3401 119 3471 dl
136 3395 327 3474 “millib
1227 3397 1367 3472 Deinde
1382 3399 1517 3472 suntin
1531 3395 1600 3488 hoc
1616 3415 1735 3486 coetu,
1773 3405 1871 3496 quod
1886 3406 1930 3474 ad
1945 3416 2124 3474 externam

180 3529 255 3622 Qui
271 3531 526 3604 augemdfcum
541 3527 626 3603 5010
638 3525 999 3626 fidggusppfimmw,
1026 3537 1076 3608 si,
1128 3502 1330 3574 societatem
1352 3503 1498 3588 attinet,
1539 3503 1646 3574 etiam
1668 3505 1755 3574 mali
1778 3519 1921 3576 aeterno
1948 3503 2122 3598 supplicio

85 3635 155 3706 mul
176 3635 317 3706 tradere
338 3631 467 3702 debent
483 3635 682 3708 doctrinam
700 3635 745 3704 de
767 3638 1006 3730 poenitentia,
1031 3640 1075 3709 de
1127 3603 1310 3723 destinati,
1344 3603 1515 3722 quamdiu
1534 3603 1626 3674 Vlvlss
1647 3605 1834 3691 membri&
1868 3607 1897 3676 Sl
1921 3605 2122 3726 110‚¹1·⁵plrlj

84 3733 309 3822 finam-enei,
334 3735 379 3804 de
392 3733 526 3806 iudicio
540 3733 627 3818 Dei,
653 3737 698 3804 de
712 3735 818 3808 bonis
832 3741 1009 3830 operibus,
1035 3753 1075 3812 υἱ
1127 3707 1281 3824 tpalrter,
1308 3705 1539 3798 corporaliter
1552 3719 1681 3791 tamen,
1705 3701 1851 3790 horest,
1874 3721 2025 3778 externis
2039 3709 2120 3778 fider

85 3851 151 3909 tota
170 3860 308 3908 summa
323 3835 599 3928 praedicationis
620 3851 773 3926 constet,
805 3841 896 3912 sicut
912 3835 1075 3914 Christus
1126 3809 1316 3926 signaculis
1340 3821 1375 3878 et
1394 3807 1597 3878 visibilibus
1611 3807 1751 3927 pietatis
1769 3807 2013 3896 sacramentis,
2044 3809 2121 3880 vel-

86 3939 214 4034 inquit‚
247 3937 489 4031 praedicantes
505 3939 762 4032 poenitentiam
779 3953 814 4014 02
828 3943 1072 4014 remissionem
1126 3923 1180 3980 un
1202 3909 1300 4001 palea
1326 3909 1523 3994 frumento,
1556 3922 1738 3980 coniunctr
1756 3925 1859 3996 sunt,
1891 3907 2021 3986 Matth.
2035 3911 2121 3986 fact

85 4056 301 4134 peccatorum
318 4038 360 4107 in
378 4039 526 4111 nomine
540 4065 639 4127 meo,
669 4041 778 4136 idque
791 4065 837 4112 ne
852 4039 939 4122 haec
953 4039 996 4142 ¹⁶)
1018 4047 1074 4116 lo·
1128 4011 1186 4084 ¹3·
1213 4013 1365 4130 &limam
1390 4011 1533 4105 ‘Elidem
1550 4010 1691 4128 Ρίθῑῆῑῖθ
1707 4004 1896 4094 habentes,
1926 4015 1989 4131 §fid
2007 4013 2121 4082 virm-

86 4139 380 4236 queodi'formula
392 4141 497 4214 aliter
511 4165 617 4238 quam
632 4143 853 4238 praedictum
868 4159 920 4216 est
937 4145 1073 4220 intelli·
1124 4125 1195 4202 ¹⁰¹¹!
1212 4135 1288 4184 ‘¹¹¹⁵
1308 4114 1530 4202 abnegantes·
1564 4107 1761 4186 ¹T¹¹¹¹⁰¹l¹·
1785 4113 1820 4183 3·
1863 4110 1936 4202 0¹¹¹
1958 4115 2003 4182 ³¹³
2020 4107 2120 4206 A1³⁰⁸

1125 4214 1215 4285 stolo
1231 4215 1344 4284 donec
1360 4224 1566 4306 separentur
1583 4233 1646 4282 seu
1660 4213 1914 4283 abscindantur
1928 4238 1948 4284 a
1964 4237 2120 4306 corpore,

1124 4316 1221 4387 intus
1235 4337 1310 4386 esse
1325 4313 1515 4402 dicuntur,
1547 4313 1566 4384 1
1585 4308 1800 4389 corinetes.
1835 4313 1968 4386 Tollite
1985 4317 2118 4388 malum

453 4475 459 4483 .
540 4412 604 4486 vl.
1124 4417 1258 4488 evobis
1273 4429 1338 4491 etc.

175 4557 405 4636 Deecclssio,
431 4557 572 4624 mettim
590 4562 699 4641 segra
718 4579 761 4625 oo
779 4565 974 4630 automata.
1223 4547 1293 4620 llic
1314 4572 1395 4642 ergo
1418 4563 1539 4622 coetus
1557 4547 1814 4620 unius'scilicet
1835 4551 2067 4642 professionis
2083 4567 2117 4622 et

1122 4651 1325 4744 signorum,
1349 4645 1504 4736 habens,
1536 4653 1622 4722 dum
1640 4645 1698 4722 hic
1713 4651 1866 4736 vivitur,
1895 4653 2025 4726 multos
2042 4675 2113 4722 ma-

1122 4753 1177 4824 los
1198 4765 1234 4824 et
1258 4749 1471 4846 Hypocritas
1493 4751 1683 4838 admixtos,
1717 4764 1786 4838 cst,
1820 4777 1880 4824 ceu
1906 4777 2032 4845 magna
2052 4755 2129 4846 do-u

1121 4877 1221 4940 mus,
1254 4853 1292 4922 in
1307 4877 1376 4947 qua
1392 4877 1466 4924 non
1488 4853 1603 4923 solum
1619 4865 1702 4924 suot
1717 4875 1798 4923 vasa
1820 4877 1924 4924 aurea
1942 4869 1976 4927 et
1991 4877 2116 4946 argen-

1121 4969 1196 5042 tea,
1221 4955 1280 5026 sed
1296 4967 1332 5024 et
1343 4955 1461 5046 lignea
1476 4967 1511 5024 et
1522 4954 1657 5040 fictilia,
1683 4967 1718 5026 et
1734 4955 1906 5050 quaedam
1921 4957 2065 5050 quidem
2077 4956 2115 5024 in

88 5101 282 5124 -.....
321 5075 330 5086 ’
974 5075 984 5098 ⁸
1120 5053 1315 5139 honorem,
1343 5055 1701 5149 qtracdamautemin
1717 5055 1986 5142 contumeliam,
2015 5055 2114 5129 2Τί-

1120 5147 1278 5236 motha
1304 5153 1501 5228 Invisibilis
1517 5155 1660 5252 quidem
1670 5157 1862 5230 secundum
1874 5181 1951 5228 eam
1967 5171 2117 5250 partem,

86 4257 188 4332 gatur.

176 4691 334 4765 Ecclesia
350 4707 403 4766 est
419 4707 539 4766 coetus
558 4719 620 4768 sen
641 4699 865 4790 congregatio
883 4695 1070 4774 hominurn

87 4797 234 4866 omnium
247 4797 409 4868 locorum
426 4809 462 4868 et
475 4809 693 4890 temporum,
723 4801 787 4894 qni
801 4803 917 4874 vocati
933 4805 1070 4875 suntin

87 4898 364 4970 communionem
380 4897 607 4991 professionis
622 4899 732 4978 nnius
740 4901 967 4998 eiusdemque
977 4906 1071 4994 fidei,

119 5227 159 5288 tat
176 5227 243 5284 cot.
255 5232 312 5286 ao.

119 5313 159 5380 il)
175 5311 238 5367 ttet.
253 5313 329 5368 Item
342 5313 512 5368 Clwcbttbm.

117 5397 158 5462 ¹⁵)
174 5397 236 5454 But·
252 5397 591 5468 carcassensem.
1154 5407 1200 5478 11)
1218 5407 1303 5465 Peos.
1316 5381 1467 5464 menime
1487 5415 1654 5480 maroveo.

118 5481 159 5552 161
174 5481 240 5540 boc.
254 5491 280 5538 et
292 5481 360 5540 Est.
373 5483 435 5538 boe.
1153 5492 1199 5563 ts)
1215 5493 1271 5548 rob·
1278 5491 1376 5548 excidit
1388 5491 1460 5566 epod
1473 5491 1543 5548 ttae.
1555 5500 1582 5546 et
1594 5489 1660 5548 Eeb.
1705 5561 1711 5570 η
