<?xml version="1.0" encoding="UTF-8"?>
<!DOCTYPE html PUBLIC "-//W3C//DTD XHTML 1.0 Transitional//EN"
    "http://www.w3.org/TR/xhtml1/DTD/xhtml1-transitional.dtd">
<html xmlns="http://www.w3.org/1999/xhtml" xml:lang="en" lang="en">
 <head>
  <title>
</title>
<meta http-equiv="Content-Type" content="text/html;charset=utf-8" />
  <meta name='ocr-system' content='tesseract 3.04.00' />
  <meta name='ocr-capabilities' content='ocr_page ocr_carea ocr_par ocr_line ocrx_word'/>
</head>
<body>
  <div class='ocr_page' id='page_1' title='image "./philippimelanth03bindgoog_0316.png"; bbox 0 0 4802 6268; ppageno 0'>
   <div class='ocr_carea' id='block_1_1' title="bbox 308 313 2346 448">
    <p class='ocr_par' dir='ltr' id='par_1_1' title="bbox 308 313 2346 448">
     <span class='ocr_line' id='line_1_1' title="bbox 308 313 2346 448; baseline -0.006 -1"><span class='ocrx_word' id='word_1_1' title='bbox 308 373 382 448; x_wconf 82' lang='lat' dir='ltr'><strong>sn</strong></span> <span class='ocrx_word' id='word_1_2' title='bbox 549 327 553 334; x_wconf 76' lang='grc'><em>’</em></span> <span class='ocrx_word' id='word_1_3' title='bbox 877 353 1327 439; x_wconf 80' lang='lat' dir='ltr'><strong>uersrosanun</strong></span> <span class='ocrx_word' id='word_1_4' title='bbox 1377 313 1484 442; x_wconf 76' lang='lat' dir='ltr'><strong>arn.</strong></span> <span class='ocrx_word' id='word_1_5' title='bbox 1514 361 1616 438; x_wconf 78' lang='lat' dir='ltr'><strong>vrn.</strong></span> <span class='ocrx_word' id='word_1_6' title='bbox 1668 315 1815 442; x_wconf 54' lang='lat'>1541(</span> <span class='ocrx_word' id='word_1_7' title='bbox 1899 323 1907 332; x_wconf 69' lang='grc'><strong>“</strong></span> <span class='ocrx_word' id='word_1_8' title='bbox 2285 357 2346 434; x_wconf 81' lang='lat' dir='ltr'><strong>sn</strong></span> 
     </span>
    </p>
   </div>
   <div class='ocr_carea' id='block_1_2' title="bbox 212 517 2386 4905">
    <p class='ocr_par' dir='ltr' id='par_1_2' title="bbox 212 517 2386 4905">
     <span class='ocr_line' id='line_1_2' title="bbox 244 517 2346 636; baseline -0.008 -16"><span class='ocrx_word' id='word_1_9' title='bbox 244 549 252 566; x_wconf 70' lang='lat'>⁸</span> <span class='ocrx_word' id='word_1_10' title='bbox 311 521 405 622; x_wconf 72' lang='lat' dir='ltr'><strong>velle</strong></span> <span class='ocrx_word' id='word_1_11' title='bbox 421 567 475 632; x_wconf 91' lang='lat' dir='ltr'><strong>se,</strong></span> <span class='ocrx_word' id='word_1_12' title='bbox 499 567 574 614; x_wconf 89' lang='lat' dir='ltr'><strong>non</strong></span> <span class='ocrx_word' id='word_1_13' title='bbox 588 540 704 614; x_wconf 87' lang='lat' dir='ltr'><strong>teneri</strong></span> <span class='ocrx_word' id='word_1_14' title='bbox 720 527 923 636; x_wconf 77' lang='lat' dir='ltr'><strong>quenquam</strong></span> <span class='ocrx_word' id='word_1_15' title='bbox 937 531 996 608; x_wconf 89' lang='lat' dir='ltr'><strong>bis</strong></span> <span class='ocrx_word' id='word_1_16' title='bbox 1012 533 1228 624; x_wconf 88' lang='lat' dir='ltr'><strong>deliberatis,</strong></span> <span class='ocrx_word' id='word_1_17' title='bbox 1251 559 1316 607; x_wconf 90' lang='lat' dir='ltr'><strong>nec</strong></span> <span class='ocrx_word' id='word_1_18' title='bbox 1363 533 1588 630; x_wconf 79' lang='lat' dir='ltr'><strong>Mogontini:</strong></span> <span class='ocrx_word' id='word_1_19' title='bbox 1621 537 1851 610; x_wconf 87' lang='lat' dir='ltr'><strong>cancellarius</strong></span> <span class='ocrx_word' id='word_1_20' title='bbox 1870 517 2258 622; x_wconf 71' lang='lat' dir='ltr'><strong>Palatini&#39;Electoris,</strong></span> <span class='ocrx_word' id='word_1_21' title='bbox 2284 531 2346 605; x_wconf 83' lang='lat' dir='ltr'><strong>Sa-</strong></span> 
     </span>
     <span class='ocr_line' id='line_1_3' title="bbox 315 629 2347 738; baseline -0.006 -19"><span class='ocrx_word' id='word_1_22' title='bbox 315 675 353 719; x_wconf 85' lang='lat' dir='ltr'><strong>ea</strong></span> <span class='ocrx_word' id='word_1_23' title='bbox 378 649 451 718; x_wconf 91' lang='lat' dir='ltr'><strong>vim</strong></span> <span class='ocrx_word' id='word_1_24' title='bbox 478 643 689 738; x_wconf 88' lang='lat' dir='ltr'><strong>praeiudicii</strong></span> <span class='ocrx_word' id='word_1_25' title='bbox 711 638 863 727; x_wconf 88' lang='lat' dir='ltr'><strong>habere,</strong></span> <span class='ocrx_word' id='word_1_26' title='bbox 894 641 955 712; x_wconf 83' lang='lat' dir='ltr'><strong>serl</strong></span> <span class='ocrx_word' id='word_1_27' title='bbox 981 641 1101 712; x_wconf 89' lang='lat' dir='ltr'><strong>omnia</strong></span> <span class='ocrx_word' id='word_1_28' title='bbox 1126 663 1249 710; x_wconf 89' lang='lat' dir='ltr'><strong>mrsus</strong></span> <span class='ocrx_word' id='word_1_29' title='bbox 1271 639 1315 708; x_wconf 88' lang='lat' dir='ltr'><strong>ad</strong></span> <span class='ocrx_word' id='word_1_30' title='bbox 1360 639 1518 712; x_wconf 60' lang='lat' dir='ltr'><strong>monicus</strong></span> <span class='ocrx_word' id='word_1_31' title='bbox 1543 641 1790 727; x_wconf 85' lang='lat' dir='ltr'><strong>cancellarius,</strong></span> <span class='ocrx_word' id='word_1_32' title='bbox 1815 629 2266 724; x_wconf 76' lang='lat' dir='ltr'><strong>cancellariusHassr&#39;cus,</strong></span> <span class='ocrx_word' id='word_1_33' title='bbox 2289 633 2347 706; x_wconf 85' lang='lat' dir='ltr'><strong>Ia-</strong></span> 
     </span>
     <span class='ocr_line' id='line_1_4' title="bbox 314 731 2033 846; baseline -0.004 -25"><span class='ocrx_word' id='word_1_34' title='bbox 314 749 462 822; x_wconf 88' lang='lat' dir='ltr'><strong>consilia</strong></span> <span class='ocrx_word' id='word_1_35' title='bbox 474 745 504 846; x_wconf 79' lang='lat'><strong>¹)</strong></span> <span class='ocrx_word' id='word_1_36' title='bbox 526 747 734 838; x_wconf 85' lang='lat' dir='ltr'>Principum</span> <span class='ocrx_word' id='word_1_37' title='bbox 758 745 943 815; x_wconf 86' lang='lat' dir='ltr'><strong>referenda</strong></span> <span class='ocrx_word' id='word_1_38' title='bbox 966 739 1049 816; x_wconf 85' lang='lat' dir='ltr'><strong>esse.</strong></span> <span class='ocrx_word' id='word_1_39' title='bbox 1117 741 1316 812; x_wconf 82' lang='lat' dir='ltr'>Postulavit</span> <span class='ocrx_word' id='word_1_40' title='bbox 1360 741 1469 814; x_wconf 83' lang='lat' dir='ltr'><strong>cobus</strong></span> <span class='ocrx_word' id='word_1_41' title='bbox 1487 737 1678 814; x_wconf 82' lang='lat' dir='ltr'><strong>Stormias</strong></span> <span class='ocrx_word' id='word_1_42' title='bbox 1695 737 1970 834; x_wconf 74' lang='lat' dir='ltr'><strong>argentinensis</strong></span> <span class='ocrx_word' id='word_1_43' title='bbox 1979 731 2033 839; x_wconf 86' lang='lat'><strong>¹²).</strong></span> 
     </span>
     <span class='ocr_line' id='line_1_5' title="bbox 313 835 2346 942; baseline -0.005 -20"><span class='ocrx_word' id='word_1_44' title='bbox 313 855 418 938; x_wconf 87' lang='lat' dir='ltr'><strong>item,</strong></span> <span class='ocrx_word' id='word_1_45' title='bbox 445 865 487 922; x_wconf 90' lang='lat' dir='ltr'><strong>ut</strong></span> <span class='ocrx_word' id='word_1_46' title='bbox 510 850 579 920; x_wconf 90' lang='lat' dir='ltr'><strong>sibi</strong></span> <span class='ocrx_word' id='word_1_47' title='bbox 603 845 952 942; x_wconf 86' lang='lat' dir='ltr'><strong>pemritte&#39;retur,.ut</strong></span> <span class='ocrx_word' id='word_1_48' title='bbox 966 867 1029 916; x_wconf 88' lang='lat' dir='ltr'><strong>suo</strong></span> <span class='ocrx_word' id='word_1_49' title='bbox 1047 843 1199 930; x_wconf 85' lang='lat' dir='ltr'><strong>iudicio,</strong></span> <span class='ocrx_word' id='word_1_50' title='bbox 1226 865 1316 936; x_wconf 89' lang='lat' dir='ltr'><strong>qnos</strong></span> <span class='ocrx_word' id='word_1_51' title='bbox 1463 840 1571 916; x_wconf 88' lang='lat' dir='ltr'><strong>Initio</strong></span> <span class='ocrx_word' id='word_1_52' title='bbox 1597 867 1804 936; x_wconf 83' lang='lat' dir='ltr'><strong>congressus</strong></span> <span class='ocrx_word' id='word_1_53' title='bbox 1819 835 2132 918; x_wconf 80' lang='lat' dir='ltr'><strong>DuxFridericus</strong></span> <span class='ocrx_word' id='word_1_54' title='bbox 2148 864 2275 916; x_wconf 87' lang='lat' dir='ltr'><strong>rursus</strong></span> <span class='ocrx_word' id='word_1_55' title='bbox 2292 843 2346 912; x_wconf 77' lang='lat' dir='ltr'><strong>ad</strong></span> 
     </span>
     <span class='ocr_line' id='line_1_6' title="bbox 312 939 2344 1041; baseline -0.004 -19"><span class='ocrx_word' id='word_1_56' title='bbox 312 955 441 1038; x_wconf 80' lang='lat' dir='ltr'><strong>vellet,</strong></span> <span class='ocrx_word' id='word_1_57' title='bbox 465 951 644 1041; x_wconf 71' lang='lat' dir='ltr'>deligeret.</span> <span class='ocrx_word' id='word_1_58' title='bbox 695 945 798 1018; x_wconf 88' lang='lat' dir='ltr'><strong>Nihil</strong></span> <span class='ocrx_word' id='word_1_59' title='bbox 820 948 917 1016; x_wconf 91' lang='lat' dir='ltr'><strong>enim</strong></span> <span class='ocrx_word' id='word_1_60' title='bbox 943 947 1076 1016; x_wconf 90' lang='lat' dir='ltr'><strong>mirum</strong></span> <span class='ocrx_word' id='word_1_61' title='bbox 1091 939 1199 1040; x_wconf 65' lang='grc' dir='ltr'><strong>θεῖ’),</strong></span> <span class='ocrx_word' id='word_1_62' title='bbox 1223 945 1316 1014; x_wconf 86' lang='lat' dir='ltr'><strong>inre</strong></span> <span class='ocrx_word' id='word_1_63' title='bbox 1360 939 1524 1020; x_wconf 85' lang='lat' dir='ltr'><strong>hortatur</strong></span> <span class='ocrx_word' id='word_1_64' title='bbox 1545 945 1717 1034; x_wconf 90' lang='lat' dir='ltr'><strong>delectos,</strong></span> <span class='ocrx_word' id='word_1_65' title='bbox 1755 961 1796 1020; x_wconf 90' lang='lat' dir='ltr'><strong>ut</strong></span> <span class='ocrx_word' id='word_1_66' title='bbox 1820 949 1958 1018; x_wconf 86' lang='lat' dir='ltr'><strong>sedatos</strong></span> <span class='ocrx_word' id='word_1_67' title='bbox 1985 969 2025 1018; x_wconf 89' lang='lat' dir='ltr'><strong>ac</strong></span> <span class='ocrx_word' id='word_1_68' title='bbox 2046 945 2124 1038; x_wconf 91' lang='lat' dir='ltr'><strong>pios</strong></span> <span class='ocrx_word' id='word_1_69' title='bbox 2147 945 2287 1015; x_wconf 88' lang='lat' dir='ltr'><strong>animos</strong></span> <span class='ocrx_word' id='word_1_70' title='bbox 2309 947 2344 1014; x_wconf 87' lang='lat' dir='ltr'><strong>ad</strong></span> 
     </span>
     <span class='ocr_line' id='line_1_7' title="bbox 315 1041 2344 1134; baseline -0.006 -6"><span class='ocrx_word' id='word_1_71' title='bbox 315 1072 412 1128; x_wconf 90' lang='lat' dir='ltr'><strong>tanta</strong></span> <span class='ocrx_word' id='word_1_72' title='bbox 439 1053 628 1124; x_wconf 84' lang='lat' dir='ltr'><strong>dissimiles</strong></span> <span class='ocrx_word' id='word_1_73' title='bbox 651 1073 725 1120; x_wconf 88' lang='lat' dir='ltr'><strong>esse</strong></span> <span class='ocrx_word' id='word_1_74' title='bbox 749 1045 938 1120; x_wconf 91' lang='lat' dir='ltr'><strong>hominum</strong></span> <span class='ocrx_word' id='word_1_75' title='bbox 958 1049 1175 1134; x_wconf 86' lang='lat' dir='ltr'><strong>voluntates,</strong></span> <span class='ocrx_word' id='word_1_76' title='bbox 1210 1041 1315 1118; x_wconf 89' lang='lat' dir='ltr'><strong>dissi·</strong></span> <span class='ocrx_word' id='word_1_77' title='bbox 1359 1049 1802 1120; x_wconf 83' lang='lat' dir='ltr'><strong>tantam&#39;deliberationem</strong></span> <span class='ocrx_word' id='word_1_78' title='bbox 1824 1049 2003 1132; x_wconf 87' lang='lat' dir='ltr'><strong>adferant,</strong></span> <span class='ocrx_word' id='word_1_79' title='bbox 2030 1061 2065 1118; x_wconf 90' lang='lat' dir='ltr'><strong>et</strong></span> <span class='ocrx_word' id='word_1_80' title='bbox 2087 1049 2259 1117; x_wconf 83' lang='lat' dir='ltr'><strong>dirimere</strong></span> <span class='ocrx_word' id='word_1_81' title='bbox 2273 1071 2344 1116; x_wconf 92' lang='lat' dir='ltr'><strong>con-</strong></span> 
     </span>
     <span class='ocr_line' id='line_1_8' title="bbox 313 1145 2345 1246; baseline -0.005 -19"><span class='ocrx_word' id='word_1_82' title='bbox 313 1157 412 1228; x_wconf 90' lang='lat' dir='ltr'><strong>milia</strong></span> <span class='ocrx_word' id='word_1_83' title='bbox 440 1156 555 1226; x_wconf 91' lang='lat' dir='ltr'><strong>studia</strong></span> <span class='ocrx_word' id='word_1_84' title='bbox 579 1167 613 1225; x_wconf 88' lang='lat' dir='ltr'><strong>et</strong></span> <span class='ocrx_word' id='word_1_85' title='bbox 635 1151 777 1224; x_wconf 89' lang='lat' dir='ltr'><strong>iudicia.</strong></span> <span class='ocrx_word' id='word_1_86' title='bbox 836 1149 907 1222; x_wconf 86' lang='lat' dir='ltr'><strong>Sed</strong></span> <span class='ocrx_word' id='word_1_87' title='bbox 931 1165 1032 1222; x_wconf 87' lang='lat' dir='ltr'><strong>erant</strong></span> <span class='ocrx_word' id='word_1_88' title='bbox 1054 1149 1219 1242; x_wconf 90' lang='lat' dir='ltr'><strong>quidam,</strong></span> <span class='ocrx_word' id='word_1_89' title='bbox 1252 1147 1315 1242; x_wconf 91' lang='lat' dir='ltr'><strong>qui</strong></span> <span class='ocrx_word' id='word_1_90' title='bbox 1359 1151 1548 1222; x_wconf 88' lang='lat' dir='ltr'><strong>troversias</strong></span> <span class='ocrx_word' id='word_1_91' title='bbox 1571 1153 1745 1222; x_wconf 82' lang='lat' dir='ltr'><strong>studeant.</strong></span> <span class='ocrx_word' id='word_1_92' title='bbox 1803 1149 1947 1246; x_wconf 81' lang='lat' dir='ltr'><strong>Narrat,</strong></span> <span class='ocrx_word' id='word_1_93' title='bbox 1980 1149 2049 1242; x_wconf 88' lang='lat' dir='ltr'><strong>ipsi</strong></span> <span class='ocrx_word' id='word_1_94' title='bbox 2070 1145 2285 1242; x_wconf 86' lang='lat' dir='ltr'><strong>imperatori</strong></span> <span class='ocrx_word' id='word_1_95' title='bbox 2304 1161 2345 1218; x_wconf 91' lang='lat' dir='ltr'><strong>tot</strong></span> 
     </span>
     <span class='ocr_line' id='line_1_9' title="bbox 314 1245 2344 1343; baseline -0.006 -12"><span class='ocrx_word' id='word_1_96' title='bbox 314 1263 360 1330; x_wconf 84' lang='lat' dir='ltr'><strong>ab</strong></span> <span class='ocrx_word' id='word_1_97' title='bbox 385 1255 452 1330; x_wconf 92' lang='lat' dir='ltr'><strong>hoc</strong></span> <span class='ocrx_word' id='word_1_98' title='bbox 473 1269 549 1329; x_wconf 91' lang='lat' dir='ltr'><strong>toto</strong></span> <span class='ocrx_word' id='word_1_99' title='bbox 572 1255 722 1326; x_wconf 92' lang='lat' dir='ltr'><strong>consilio</strong></span> <span class='ocrx_word' id='word_1_100' title='bbox 749 1253 1040 1324; x_wconf 85' lang='lat' dir='ltr'><strong>conciliationnm</strong></span> <span class='ocrx_word' id='word_1_101' title='bbox 1066 1245 1315 1336; x_wconf 79' lang='lat' dir='ltr'>abhorrebant,</span> <span class='ocrx_word' id='word_1_102' title='bbox 1359 1255 1560 1324; x_wconf 83' lang='lat' dir='ltr'><strong>iomannos</strong></span> <span class='ocrx_word' id='word_1_103' title='bbox 1583 1277 1659 1322; x_wconf 91' lang='lat' dir='ltr'><strong>cam</strong></span> <span class='ocrx_word' id='word_1_104' title='bbox 1681 1277 1757 1322; x_wconf 91' lang='lat' dir='ltr'><strong>rem</strong></span> <span class='ocrx_word' id='word_1_105' title='bbox 1780 1253 1931 1322; x_wconf 89' lang='lat' dir='ltr'><strong>maxime</strong></span> <span class='ocrx_word' id='word_1_106' title='bbox 1957 1276 2061 1322; x_wconf 88' lang='lat' dir='ltr'><strong>curae</strong></span> <span class='ocrx_word' id='word_1_107' title='bbox 2082 1253 2212 1337; x_wconf 87' lang='lat' dir='ltr'><strong>fuisse,</strong></span> <span class='ocrx_word' id='word_1_108' title='bbox 2248 1275 2344 1343; x_wconf 86' lang='lat' dir='ltr'><strong>eoque</strong></span> 
     </span>
     <span class='ocr_line' id='line_1_10' title="bbox 285 1351 2345 1455; baseline -0.003 -27"><span class='ocrx_word' id='word_1_109' title='bbox 285 1351 287 1358; x_wconf 71' lang='grc'><strong>’</strong></span> <span class='ocrx_word' id='word_1_110' title='bbox 313 1376 462 1455; x_wconf 81' lang='lat' dir='ltr'><strong>propter</strong></span> <span class='ocrx_word' id='word_1_111' title='bbox 481 1357 765 1449; x_wconf 79' lang='lat' dir='ltr'><strong>magnitudinem</strong></span> <span class='ocrx_word' id='word_1_112' title='bbox 783 1353 943 1448; x_wconf 89' lang='lat' dir='ltr'><strong>periculi.</strong></span> <span class='ocrx_word' id='word_1_113' title='bbox 986 1353 1102 1446; x_wconf 82' lang='lat' dir='ltr'><strong>Multa</strong></span> <span class='ocrx_word' id='word_1_114' title='bbox 1120 1351 1216 1424; x_wconf 88' lang='lat' dir='ltr'><strong>enim</strong></span> <span class='ocrx_word' id='word_1_115' title='bbox 1232 1366 1315 1424; x_wconf 90' lang='lat' dir='ltr'><strong>sunt</strong></span> <span class='ocrx_word' id='word_1_116' title='bbox 1358 1355 1555 1450; x_wconf 83' lang='lat' dir='ltr'><strong>multorum</strong></span> <span class='ocrx_word' id='word_1_117' title='bbox 1584 1355 1769 1425; x_wconf 89' lang='lat' dir='ltr'><strong>doctorum</strong></span> <span class='ocrx_word' id='word_1_118' title='bbox 1796 1366 1829 1424; x_wconf 88' lang='lat' dir='ltr'><strong>et</strong></span> <span class='ocrx_word' id='word_1_119' title='bbox 1850 1355 2028 1426; x_wconf 91' lang='lat' dir='ltr'><strong>bonorum</strong></span> <span class='ocrx_word' id='word_1_120' title='bbox 2052 1353 2255 1444; x_wconf 83' lang='lat' dir='ltr'><strong>explorasse</strong></span> <span class='ocrx_word' id='word_1_121' title='bbox 2279 1377 2345 1422; x_wconf 89' lang='lat' dir='ltr'><strong>sen·</strong></span> 
     </span>
     <span class='ocr_line' id='line_1_11' title="bbox 314 1450 2345 1550; baseline -0.005 -16"><span class='ocrx_word' id='word_1_122' title='bbox 314 1479 349 1534; x_wconf 85' lang='lat' dir='ltr'><strong>et</strong></span> <span class='ocrx_word' id='word_1_123' title='bbox 371 1451 487 1534; x_wconf 79' lang='lat' dir='ltr'><strong>vetera</strong></span> <span class='ocrx_word' id='word_1_124' title='bbox 502 1475 536 1532; x_wconf 92' lang='lat' dir='ltr'><strong>et</strong></span> <span class='ocrx_word' id='word_1_125' title='bbox 552 1457 705 1532; x_wconf 89' lang='lat' dir='ltr'><strong>recentia</strong></span> <span class='ocrx_word' id='word_1_126' title='bbox 728 1457 905 1550; x_wconf 86' lang='lat' dir='ltr'><strong>exempla,</strong></span> <span class='ocrx_word' id='word_1_127' title='bbox 932 1478 1021 1550; x_wconf 89' lang='lat' dir='ltr'><strong>quae</strong></span> <span class='ocrx_word' id='word_1_128' title='bbox 1039 1450 1250 1539; x_wconf 77' lang='lat' dir='ltr'><strong>admonent,</strong></span> <span class='ocrx_word' id='word_1_129' title='bbox 1275 1453 1314 1524; x_wconf 91' lang='lat' dir='ltr'><strong>in</strong></span> <span class='ocrx_word' id='word_1_130' title='bbox 1359 1457 1498 1532; x_wconf 80' lang='lat' dir='ltr'><strong>tentiae.</strong></span> <span class='ocrx_word' id='word_1_131' title='bbox 1541 1453 1634 1527; x_wconf 90' lang='lat' dir='ltr'><strong>Cum</strong></span> <span class='ocrx_word' id='word_1_132' title='bbox 1652 1453 1760 1547; x_wconf 79' lang='lat' dir='ltr'><strong>igitur</strong></span> <span class='ocrx_word' id='word_1_133' title='bbox 1775 1455 1919 1550; x_wconf 89' lang='lat' dir='ltr'><strong>quidam</strong></span> <span class='ocrx_word' id='word_1_134' title='bbox 1938 1451 2166 1526; x_wconf 82' lang='lat' dir='ltr'><strong>exhibuerint</strong></span> <span class='ocrx_word' id='word_1_135' title='bbox 2181 1455 2254 1550; x_wconf 90' lang='lat' dir='ltr'><strong>ipsi</strong></span> <span class='ocrx_word' id='word_1_136' title='bbox 2272 1456 2345 1524; x_wconf 90' lang='lat' dir='ltr'><strong>scri-</strong></span> 
     </span>
     <span class='ocr_line' id='line_1_12' title="bbox 314 1551 2345 1652; baseline -0.005 -17"><span class='ocrx_word' id='word_1_137' title='bbox 314 1563 445 1636; x_wconf 88' lang='lat' dir='ltr'><strong>talibus</strong></span> <span class='ocrx_word' id='word_1_138' title='bbox 461 1559 772 1634; x_wconf 82' lang='lat' dir='ltr'><strong>conciliationibus</strong></span> <span class='ocrx_word' id='word_1_139' title='bbox 787 1559 985 1652; x_wconf 85' lang='lat' dir='ltr'><strong>plerunque</strong></span> <span class='ocrx_word' id='word_1_140' title='bbox 1008 1557 1149 1628; x_wconf 88' lang='lat' dir='ltr'><strong>decurri</strong></span> <span class='ocrx_word' id='word_1_141' title='bbox 1173 1557 1218 1626; x_wconf 85' lang='lat' dir='ltr'><strong>ad</strong></span> <span class='ocrx_word' id='word_1_142' title='bbox 1239 1577 1314 1626; x_wconf 83' lang='lat' dir='ltr'><strong>aru-</strong></span> <span class='ocrx_word' id='word_1_143' title='bbox 1359 1571 1471 1652; x_wconf 93' lang='lat' dir='ltr'><strong>ptum,</strong></span> <span class='ocrx_word' id='word_1_144' title='bbox 1482 1557 1578 1652; x_wconf 90' lang='lat' dir='ltr'><strong>qnod</strong></span> <span class='ocrx_word' id='word_1_145' title='bbox 1594 1571 1739 1651; x_wconf 89' lang='lat' dir='ltr'><strong>propter</strong></span> <span class='ocrx_word' id='word_1_146' title='bbox 1755 1557 1907 1628; x_wconf 88' lang='lat' dir='ltr'><strong>aliorum</strong></span> <span class='ocrx_word' id='word_1_147' title='bbox 1922 1551 2257 1648; x_wconf 78' lang='lat' dir='ltr'><strong>moderationem²⁸)</strong></span> <span class='ocrx_word' id='word_1_148' title='bbox 2274 1581 2345 1626; x_wconf 92' lang='lat' dir='ltr'><strong>con-</strong></span> 
     </span>
     <span class='ocr_line' id='line_1_13' title="bbox 311 1655 2345 1758; baseline -0.004 -21"><span class='ocrx_word' id='word_1_149' title='bbox 311 1665 456 1756; x_wconf 80' lang='lat' dir='ltr'><strong>biguos,</strong></span> <span class='ocrx_word' id='word_1_150' title='bbox 490 1663 723 1756; x_wconf 82' lang='lat' dir='ltr'><strong>flexiloquos,</strong></span> <span class='ocrx_word' id='word_1_151' title='bbox 753 1661 894 1730; x_wconf 85' lang='lat' dir='ltr'><strong>fucosos</strong></span> <span class='ocrx_word' id='word_1_152' title='bbox 920 1675 954 1732; x_wconf 92' lang='lat' dir='ltr'><strong>et</strong></span> <span class='ocrx_word' id='word_1_153' title='bbox 976 1657 1117 1728; x_wconf 79' lang='lat' dir='ltr'><strong>fallaces</strong></span> <span class='ocrx_word' id='word_1_154' title='bbox 1134 1657 1314 1742; x_wconf 86' lang='lat' dir='ltr'><strong>articulos,</strong></span> <span class='ocrx_word' id='word_1_155' title='bbox 1360 1655 1495 1758; x_wconf 89' lang='lat' dir='ltr'><strong>siliis¹⁴)</strong></span> <span class='ocrx_word' id='word_1_156' title='bbox 1507 1659 1713 1732; x_wconf 88' lang='lat' dir='ltr'><strong>durioribus</strong></span> <span class='ocrx_word' id='word_1_157' title='bbox 1728 1661 1973 1730; x_wconf 88' lang='lat' dir='ltr'><strong>antetulerint:</strong></span> <span class='ocrx_word' id='word_1_158' title='bbox 1987 1657 2345 1756; x_wconf 79' lang='lat' dir='ltr'><strong>vellclmperatorem,</strong></span> 
     </span>
     <span class='ocr_line' id='line_1_14' title="bbox 311 1757 2343 1862; baseline -0.005 -24"><span class='ocrx_word' id='word_1_159' title='bbox 311 1770 442 1862; x_wconf 88' lang='lat' dir='ltr'><strong>quibus</strong></span> <span class='ocrx_word' id='word_1_160' title='bbox 465 1767 595 1834; x_wconf 89' lang='lat' dir='ltr'><strong>veritas</strong></span> <span class='ocrx_word' id='word_1_161' title='bbox 620 1761 804 1846; x_wconf 89' lang='lat' dir='ltr'><strong>obruitur,</strong></span> <span class='ocrx_word' id='word_1_162' title='bbox 838 1775 873 1832; x_wconf 87' lang='lat' dir='ltr'><strong>et</strong></span> <span class='ocrx_word' id='word_1_163' title='bbox 895 1785 970 1830; x_wconf 92' lang='lat' dir='ltr'><strong>non</strong></span> <span class='ocrx_word' id='word_1_164' title='bbox 993 1774 1165 1830; x_wconf 88' lang='lat' dir='ltr'><strong>sanantur</strong></span> <span class='ocrx_word' id='word_1_165' title='bbox 1190 1757 1314 1830; x_wconf 86' lang='lat' dir='ltr'><strong>Eccle-</strong></span> <span class='ocrx_word' id='word_1_166' title='bbox 1358 1775 1398 1834; x_wconf 89' lang='lat' dir='ltr'><strong>ut</strong></span> <span class='ocrx_word' id='word_1_167' title='bbox 1419 1762 1563 1833; x_wconf 89' lang='lat' dir='ltr'><strong>delectis</strong></span> <span class='ocrx_word' id='word_1_168' title='bbox 1586 1763 1679 1832; x_wconf 87' lang='lat' dir='ltr'><strong>liber</strong></span> <span class='ocrx_word' id='word_1_169' title='bbox 1704 1761 1765 1830; x_wconf 92' lang='lat' dir='ltr'><strong>ille</strong></span> <span class='ocrx_word' id='word_1_170' title='bbox 1786 1777 2024 1856; x_wconf 86' lang='lat' dir='ltr'><strong>proponatur,</strong></span> <span class='ocrx_word' id='word_1_171' title='bbox 2051 1761 2113 1854; x_wconf 90' lang='lat' dir='ltr'><strong>qni</strong></span> <span class='ocrx_word' id='word_1_172' title='bbox 2138 1763 2245 1856; x_wconf 86' lang='lat' dir='ltr'><strong>quasi</strong></span> <span class='ocrx_word' id='word_1_173' title='bbox 2264 1762 2343 1830; x_wconf 81' lang='lat' dir='ltr'><strong>riam</strong></span> 
     </span>
     <span class='ocr_line' id='line_1_15' title="bbox 310 1861 2343 1957; baseline -0.004 -17"><span class='ocrx_word' id='word_1_174' title='bbox 310 1873 403 1954; x_wconf 87' lang='lat' dir='ltr'><strong>siae,</strong></span> <span class='ocrx_word' id='word_1_175' title='bbox 435 1869 497 1936; x_wconf 89' lang='lat' dir='ltr'><strong>sed</strong></span> <span class='ocrx_word' id='word_1_176' title='bbox 518 1864 698 1957; x_wconf 82' lang='lat' dir='ltr'><strong>†magis&#39;’</strong></span> <span class='ocrx_word' id='word_1_177' title='bbox 719 1863 947 1954; x_wconf 85' lang='lat' dir='ltr'><strong>dissipantur.</strong></span> <span class='ocrx_word' id='word_1_178' title='bbox 1001 1862 1077 1932; x_wconf 87' lang='lat' dir='ltr'><strong>Alii</strong></span> <span class='ocrx_word' id='word_1_179' title='bbox 1098 1875 1220 1932; x_wconf 87' lang='lat' dir='ltr'><strong>contra</strong></span> <span class='ocrx_word' id='word_1_180' title='bbox 1240 1861 1314 1930; x_wconf 89' lang='lat' dir='ltr'><strong>dis-</strong></span> <span class='ocrx_word' id='word_1_181' title='bbox 1359 1877 1532 1936; x_wconf 87' lang='lat' dir='ltr'><strong>monstret</strong></span> <span class='ocrx_word' id='word_1_182' title='bbox 1557 1865 1600 1934; x_wconf 89' lang='lat' dir='ltr'><strong>ad</strong></span> <span class='ocrx_word' id='word_1_183' title='bbox 1622 1865 1840 1933; x_wconf 87' lang='lat' dir='ltr'><strong>dirimendas</strong></span> <span class='ocrx_word' id='word_1_184' title='bbox 1855 1865 2122 1937; x_wconf 80' lang='lat' dir='ltr'><strong>controversias.</strong></span> <span class='ocrx_word' id='word_1_185' title='bbox 2174 1863 2289 1934; x_wconf 88' lang='lat' dir='ltr'><strong>Liber</strong></span> <span class='ocrx_word' id='word_1_186' title='bbox 2305 1877 2343 1932; x_wconf 89' lang='lat' dir='ltr'><strong>est</strong></span> 
     </span>
     <span class='ocr_line' id='line_1_16' title="bbox 312 1963 2343 2063; baseline -0.001 -27"><span class='ocrx_word' id='word_1_187' title='bbox 312 1973 505 2063; x_wconf 83' lang='lat' dir='ltr'><strong>putabant,</strong></span> <span class='ocrx_word' id='word_1_188' title='bbox 541 1963 632 2038; x_wconf 87' lang='lat' dir='ltr'><strong>hanc</strong></span> <span class='ocrx_word' id='word_1_189' title='bbox 664 1967 758 2034; x_wconf 84' lang='lat' dir='ltr'><strong>viam</strong></span> <span class='ocrx_word' id='word_1_190' title='bbox 792 1967 897 2034; x_wconf 87' lang='lat' dir='ltr'><strong>ctiam</strong></span> <span class='ocrx_word' id='word_1_191' title='bbox 919 1965 1142 2055; x_wconf 88' lang='lat' dir='ltr'><strong>profuturam</strong></span> <span class='ocrx_word' id='word_1_192' title='bbox 1170 1987 1242 2032; x_wconf 88' lang='lat' dir='ltr'><strong>esse</strong></span> <span class='ocrx_word' id='word_1_193' title='bbox 1268 1964 1314 2032; x_wconf 91' lang='lat' dir='ltr'><strong>ad</strong></span> <span class='ocrx_word' id='word_1_194' title='bbox 1359 1963 1535 2036; x_wconf 86' lang='lat' dir='ltr'><strong>exhibitus</strong></span> <span class='ocrx_word' id='word_1_195' title='bbox 1550 1966 1759 2062; x_wconf 89' lang='lat' dir='ltr'><strong>aequissima</strong></span> <span class='ocrx_word' id='word_1_196' title='bbox 1777 1967 1991 2050; x_wconf 88' lang='lat' dir='ltr'><strong>conditione,</strong></span> <span class='ocrx_word' id='word_1_197' title='bbox 2006 1979 2056 2051; x_wconf 90' lang='lat' dir='ltr'><strong>ut,</strong></span> <span class='ocrx_word' id='word_1_198' title='bbox 2071 1989 2162 2060; x_wconf 92' lang='lat' dir='ltr'><strong>quae</strong></span> <span class='ocrx_word' id='word_1_199' title='bbox 2179 1989 2257 2036; x_wconf 91' lang='lat' dir='ltr'><strong>uon</strong></span> <span class='ocrx_word' id='word_1_200' title='bbox 2274 1991 2343 2058; x_wconf 89' lang='lat' dir='ltr'><strong>pro-</strong></span> 
     </span>
     <span class='ocr_line' id='line_1_17' title="bbox 312 2062 2343 2164; baseline -0.003 -22"><span class='ocrx_word' id='word_1_201' title='bbox 312 2073 543 2144; x_wconf 79' lang='lat' dir='ltr'><strong>declarandas</strong></span> <span class='ocrx_word' id='word_1_202' title='bbox 565 2068 778 2150; x_wconf 84' lang='lat' dir='ltr'><strong>sententias,</strong></span> <span class='ocrx_word' id='word_1_203' title='bbox 811 2089 899 2160; x_wconf 89' lang='lat' dir='ltr'><strong>quas</strong></span> <span class='ocrx_word' id='word_1_204' title='bbox 922 2062 1172 2158; x_wconf 85' lang='lat' dir='ltr'><strong>prolitentur⁸)</strong></span> <span class='ocrx_word' id='word_1_205' title='bbox 1190 2063 1314 2162; x_wconf 83' lang='lat' dir='ltr'><strong>Eccle-</strong></span> <span class='ocrx_word' id='word_1_206' title='bbox 1358 2069 1529 2164; x_wconf 83' lang='lat' dir='ltr'><strong>barentur</strong></span> <span class='ocrx_word' id='word_1_207' title='bbox 1550 2069 1676 2156; x_wconf 89' lang='lat' dir='ltr'><strong>nobis,</strong></span> <span class='ocrx_word' id='word_1_208' title='bbox 1708 2067 1825 2138; x_wconf 86' lang='lat' dir='ltr'><strong>dicere</strong></span> <span class='ocrx_word' id='word_1_209' title='bbox 1852 2069 1989 2164; x_wconf 84' lang='lat' dir='ltr'><strong>liceret:</strong></span> <span class='ocrx_word' id='word_1_210' title='bbox 2024 2081 2059 2140; x_wconf 90' lang='lat' dir='ltr'><strong>et</strong></span> <span class='ocrx_word' id='word_1_211' title='bbox 2079 2082 2269 2138; x_wconf 88' lang='lat' dir='ltr'><strong>censuram</strong></span> <span class='ocrx_word' id='word_1_212' title='bbox 2293 2071 2343 2136; x_wconf 86' lang='lat' dir='ltr'><strong>ad-</strong></span> 
     </span>
     <span class='ocr_line' id='line_1_18' title="bbox 312 2164 2343 2268; baseline -0.003 -23"><span class='ocrx_word' id='word_1_213' title='bbox 312 2177 407 2259; x_wconf 87' lang='lat' dir='ltr'><strong>siae,</strong></span> <span class='ocrx_word' id='word_1_214' title='bbox 434 2195 524 2268; x_wconf 87' lang='lat' dir='ltr'><strong>quae</strong></span> <span class='ocrx_word' id='word_1_215' title='bbox 543 2171 724 2262; x_wconf 87' lang='lat' dir='ltr'><strong>amplexae</strong></span> <span class='ocrx_word' id='word_1_216' title='bbox 750 2184 833 2239; x_wconf 89' lang='lat' dir='ltr'><strong>sunt</strong></span> <span class='ocrx_word' id='word_1_217' title='bbox 851 2164 1095 2257; x_wconf 75' lang='lat' dir='ltr'><strong>Augustarum</strong></span> <span class='ocrx_word' id='word_1_218' title='bbox 1120 2166 1313 2242; x_wconf 88' lang='lat' dir='ltr'><strong>confessio·</strong></span> <span class='ocrx_word' id='word_1_219' title='bbox 1358 2171 1531 2240; x_wconf 77' lang='lat' dir='ltr'><strong>(letemus.</strong></span> <span class='ocrx_word' id='word_1_220' title='bbox 1581 2165 1661 2240; x_wconf 86' lang='lat' dir='ltr'><strong>Etsi</strong></span> <span class='ocrx_word' id='word_1_221' title='bbox 1681 2181 1797 2240; x_wconf 89' lang='lat' dir='ltr'><strong>autem</strong></span> <span class='ocrx_word' id='word_1_222' title='bbox 1821 2169 1933 2242; x_wconf 91' lang='lat' dir='ltr'><strong>tutius</strong></span> <span class='ocrx_word' id='word_1_223' title='bbox 1955 2169 2145 2240; x_wconf 87' lang='lat' dir='ltr'><strong>videbatur</strong></span> <span class='ocrx_word' id='word_1_224' title='bbox 2168 2172 2343 2240; x_wconf 90' lang='lat' dir='ltr'><strong>nonnullis</strong></span> 
     </span>
     <span class='ocr_line' id='line_1_19' title="bbox 309 2267 2342 2368; baseline -0.003 -22"><span class='ocrx_word' id='word_1_225' title='bbox 309 2297 410 2346; x_wconf 88' lang='lat' dir='ltr'><strong>nem:</strong></span> <span class='ocrx_word' id='word_1_226' title='bbox 445 2274 653 2368; x_wconf 88' lang='lat' dir='ltr'><strong>praesertim</strong></span> <span class='ocrx_word' id='word_1_227' title='bbox 678 2271 709 2342; x_wconf 88' lang='lat' dir='ltr'><strong>si</strong></span> <span class='ocrx_word' id='word_1_228' title='bbox 728 2269 937 2341; x_wconf 77' lang='lat' dir='ltr'><strong>interfuturi</strong></span> <span class='ocrx_word' id='word_1_229' title='bbox 962 2279 1078 2338; x_wconf 84' lang='lat' dir='ltr'><strong>essent</strong></span> <span class='ocrx_word' id='word_1_230' title='bbox 1109 2269 1198 2338; x_wconf 91' lang='lat' dir='ltr'><strong>boni</strong></span> <span class='ocrx_word' id='word_1_231' title='bbox 1233 2267 1313 2352; x_wconf 90' lang='lat' dir='ltr'><strong>viri,</strong></span> <span class='ocrx_word' id='word_1_232' title='bbox 1358 2297 1399 2340; x_wconf 85' lang='lat' dir='ltr'><strong>ex</strong></span> <span class='ocrx_word' id='word_1_233' title='bbox 1416 2271 1574 2356; x_wconf 89' lang='lat' dir='ltr'><strong>delectis,</strong></span> <span class='ocrx_word' id='word_1_234' title='bbox 1600 2295 1805 2363; x_wconf 90' lang='lat' dir='ltr'><strong>percurrere</strong></span> <span class='ocrx_word' id='word_1_235' title='bbox 1819 2267 2063 2362; x_wconf 83' lang='lat' dir='ltr'><strong>Augustanam</strong></span> <span class='ocrx_word' id='word_1_236' title='bbox 2079 2272 2342 2342; x_wconf 87' lang='lat' dir='ltr'><strong>confessionem:</strong></span> 
     </span>
     <span class='ocr_line' id='line_1_20' title="bbox 312 2369 2343 2473; baseline -0.002 -27"><span class='ocrx_word' id='word_1_237' title='bbox 312 2379 374 2473; x_wconf 85' lang='lat' dir='ltr'><strong>qui</strong></span> <span class='ocrx_word' id='word_1_238' title='bbox 398 2375 605 2470; x_wconf 87' lang='lat' dir='ltr'><strong>Imperatori</strong></span> <span class='ocrx_word' id='word_1_239' title='bbox 628 2373 836 2456; x_wconf 86' lang='lat' dir='ltr'><strong>recitarent,</strong></span> <span class='ocrx_word' id='word_1_240' title='bbox 862 2383 971 2442; x_wconf 88' lang='lat' dir='ltr'><strong>utres</strong></span> <span class='ocrx_word' id='word_1_241' title='bbox 987 2385 1162 2461; x_wconf 88' lang='lat' dir='ltr'><strong>posceret,</strong></span> <span class='ocrx_word' id='word_1_242' title='bbox 1188 2369 1310 2461; x_wconf 80' lang='lat' dir='ltr'><strong>dispu-</strong></span> <span class='ocrx_word' id='word_1_243' title='bbox 1358 2387 1476 2443; x_wconf 87' lang='lat' dir='ltr'><strong>tamen</strong></span> <span class='ocrx_word' id='word_1_244' title='bbox 1492 2395 1572 2444; x_wconf 88' lang='lat' dir='ltr'><strong>curu</strong></span> <span class='ocrx_word' id='word_1_245' title='bbox 1587 2373 1649 2442; x_wconf 90' lang='lat' dir='ltr'><strong>alii</strong></span> <span class='ocrx_word' id='word_1_246' title='bbox 1667 2373 1797 2446; x_wconf 91' lang='lat' dir='ltr'><strong>librum</strong></span> <span class='ocrx_word' id='word_1_247' title='bbox 1812 2377 2044 2456; x_wconf 81' lang='lat' dir='ltr'><strong>anteferrent,</strong></span> <span class='ocrx_word' id='word_1_248' title='bbox 2071 2387 2106 2444; x_wconf 89' lang='lat' dir='ltr'><strong>et</strong></span> <span class='ocrx_word' id='word_1_249' title='bbox 2128 2373 2278 2442; x_wconf 78' lang='lat' dir='ltr'><strong>incivile</strong></span> <span class='ocrx_word' id='word_1_250' title='bbox 2300 2377 2343 2441; x_wconf 74' lang='lat' dir='ltr'><strong>si-</strong></span> 
     </span>
     <span class='ocr_line' id='line_1_21' title="bbox 310 2469 2342 2567; baseline -0.003 -16"><span class='ocrx_word' id='word_1_251' title='bbox 310 2481 486 2550; x_wconf 89' lang='lat' dir='ltr'><strong>tationum</strong></span> <span class='ocrx_word' id='word_1_252' title='bbox 512 2497 680 2546; x_wconf 70' lang='lat' dir='ltr'><strong>summas.¹</strong></span> <span class='ocrx_word' id='word_1_253' title='bbox 738 2469 787 2544; x_wconf 84' lang='lat' dir='ltr'><strong>Et</strong></span> <span class='ocrx_word' id='word_1_254' title='bbox 810 2472 1006 2564; x_wconf 86' lang='lat' dir='ltr'><strong>imperator</strong></span> <span class='ocrx_word' id='word_1_255' title='bbox 1029 2473 1182 2554; x_wconf 89' lang='lat' dir='ltr'><strong>dixerat,</strong></span> <span class='ocrx_word' id='word_1_256' title='bbox 1222 2471 1312 2541; x_wconf 88' lang='lat' dir='ltr'><strong>velle</strong></span> <span class='ocrx_word' id='word_1_257' title='bbox 1358 2479 1520 2561; x_wconf 88' lang='lat' dir='ltr'><strong>deretur,</strong></span> <span class='ocrx_word' id='word_1_258' title='bbox 1550 2475 1646 2545; x_wconf 86' lang='lat' dir='ltr'><strong>nolle</strong></span> <span class='ocrx_word' id='word_1_259' title='bbox 1671 2475 1844 2566; x_wconf 89' lang='lat' dir='ltr'><strong>inspicere</strong></span> <span class='ocrx_word' id='word_1_260' title='bbox 1868 2477 2037 2567; x_wconf 87' lang='lat' dir='ltr'><strong>scriptum</strong></span> <span class='ocrx_word' id='word_1_261' title='bbox 2059 2477 2285 2566; x_wconf 87' lang='lat' dir='ltr'><strong>propositum</strong></span> <span class='ocrx_word' id='word_1_262' title='bbox 2307 2479 2342 2544; x_wconf 91' lang='lat' dir='ltr'><strong>ab</strong></span> 
     </span>
     <span class='ocr_line' id='line_1_22' title="bbox 311 2565 2342 2673; baseline -0.002 -23"><span class='ocrx_word' id='word_1_263' title='bbox 311 2574 536 2673; x_wconf 78' lang='lat' dir='ltr'><strong>seinquiri⁶)</strong></span> <span class='ocrx_word' id='word_1_264' title='bbox 560 2579 753 2648; x_wconf 79' lang='lat' dir='ltr'><strong>veritatem.</strong></span> <span class='ocrx_word' id='word_1_265' title='bbox 805 2573 982 2646; x_wconf 83' lang='lat' dir='ltr'><strong>Futurum</strong></span> <span class='ocrx_word' id='word_1_266' title='bbox 1009 2587 1125 2644; x_wconf 87' lang='lat' dir='ltr'><strong>autem</strong></span> <span class='ocrx_word' id='word_1_267' title='bbox 1152 2574 1311 2643; x_wconf 91' lang='lat' dir='ltr'><strong>animum</strong></span> <span class='ocrx_word' id='word_1_268' title='bbox 1358 2575 1572 2668; x_wconf 89' lang='lat' dir='ltr'><strong>imperatore</strong></span> <span class='ocrx_word' id='word_1_269' title='bbox 1596 2578 1673 2646; x_wconf 89' lang='lat' dir='ltr'><strong>sine</strong></span> <span class='ocrx_word' id='word_1_270' title='bbox 1697 2575 1831 2672; x_wconf 88' lang='lat' dir='ltr'><strong>iniquis</strong></span> <span class='ocrx_word' id='word_1_271' title='bbox 1857 2565 2140 2648; x_wconf 79' lang='lat' dir='ltr'><strong>conditionibus:</strong></span> <span class='ocrx_word' id='word_1_272' title='bbox 2177 2579 2342 2660; x_wconf 80' lang='lat' dir='ltr'><strong>convenit,</strong></span> 
     </span>
     <span class='ocr_line' id='line_1_23' title="bbox 313 2675 2341 2773; baseline -0 -21"><span class='ocrx_word' id='word_1_273' title='bbox 313 2681 539 2773; x_wconf 87' lang='lat' dir='ltr'><strong>imperatoris</strong></span> <span class='ocrx_word' id='word_1_274' title='bbox 555 2679 753 2761; x_wconf 89' lang='lat' dir='ltr'><strong>mitiorem,</strong></span> <span class='ocrx_word' id='word_1_275' title='bbox 779 2675 810 2745; x_wconf 89' lang='lat' dir='ltr'><strong>si</strong></span> <span class='ocrx_word' id='word_1_276' title='bbox 825 2675 1037 2764; x_wconf 83' lang='lat' dir='ltr'><strong>intelligeret</strong></span> <span class='ocrx_word' id='word_1_277' title='bbox 1053 2697 1128 2744; x_wconf 93' lang='lat' dir='ltr'><strong>non</strong></span> <span class='ocrx_word' id='word_1_278' title='bbox 1152 2690 1224 2746; x_wconf 91' lang='lat' dir='ltr'><strong>tarn</strong></span> <span class='ocrx_word' id='word_1_279' title='bbox 1248 2677 1312 2744; x_wconf 90' lang='lat' dir='ltr'><strong>ab·</strong></span> <span class='ocrx_word' id='word_1_280' title='bbox 1356 2693 1396 2749; x_wconf 88' lang='lat' dir='ltr'><strong>nt</strong></span> <span class='ocrx_word' id='word_1_281' title='bbox 1422 2679 1514 2748; x_wconf 90' lang='lat' dir='ltr'><strong>liber</strong></span> <span class='ocrx_word' id='word_1_282' title='bbox 1535 2677 1729 2770; x_wconf 81' lang='lat' dir='ltr'><strong>legeretur,</strong></span> <span class='ocrx_word' id='word_1_283' title='bbox 1768 2691 1802 2750; x_wconf 88' lang='lat' dir='ltr'><strong>et</strong></span> <span class='ocrx_word' id='word_1_284' title='bbox 1825 2681 1952 2750; x_wconf 84' lang='lat' dir='ltr'><strong>ordine</strong></span> <span class='ocrx_word' id='word_1_285' title='bbox 1978 2678 2184 2754; x_wconf 86' lang='lat' dir='ltr'><strong>dicerentur</strong></span> <span class='ocrx_word' id='word_1_286' title='bbox 2210 2695 2341 2752; x_wconf 82' lang='lat' dir='ltr'><strong>senten-</strong></span> 
     </span>
     <span class='ocr_line' id='line_1_24' title="bbox 311 2773 1438 2871; baseline -0.003 -17"><span class='ocrx_word' id='word_1_287' title='bbox 311 2787 419 2854; x_wconf 85' lang='lat' dir='ltr'><strong>surda</strong></span> <span class='ocrx_word' id='word_1_288' title='bbox 445 2805 517 2850; x_wconf 84' lang='lat' dir='ltr'><strong>esse</strong></span> <span class='ocrx_word' id='word_1_289' title='bbox 538 2785 703 2871; x_wconf 81' lang='lat' dir='ltr'><strong>dogmata</strong></span> <span class='ocrx_word' id='word_1_290' title='bbox 722 2793 925 2848; x_wconf 90' lang='lat' dir='ltr'><strong>nostrarum</strong></span> <span class='ocrx_word' id='word_1_291' title='bbox 940 2773 1198 2861; x_wconf 82' lang='lat' dir='ltr'><strong>Ecclesiarum,</strong></span> <span class='ocrx_word' id='word_1_292' title='bbox 1228 2790 1270 2848; x_wconf 89' lang='lat' dir='ltr'><strong>ut</strong></span> <span class='ocrx_word' id='word_1_293' title='bbox 1291 2801 1311 2846; x_wconf 86' lang='lat' dir='ltr'><strong>a</strong></span> <span class='ocrx_word' id='word_1_294' title='bbox 1356 2782 1438 2856; x_wconf 89' lang='lat' dir='ltr'><strong>tiae.</strong></span> 
     </span>
     <span class='ocr_line' id='line_1_25' title="bbox 212 2874 2386 2973; baseline -0.001 -18"><span class='ocrx_word' id='word_1_295' title='bbox 212 2881 215 2890; x_wconf 74' lang='grc'><em>’</em></span> <span class='ocrx_word' id='word_1_296' title='bbox 311 2885 563 2966; x_wconf 86' lang='lat' dir='ltr'><strong>Pontificibus,</strong></span> <span class='ocrx_word' id='word_1_297' title='bbox 598 2875 782 2951; x_wconf 85' lang='lat' dir='ltr'><strong>monachis</strong></span> <span class='ocrx_word' id='word_1_298' title='bbox 817 2894 851 2950; x_wconf 89' lang='lat' dir='ltr'><strong>et</strong></span> <span class='ocrx_word' id='word_1_299' title='bbox 875 2879 956 2955; x_wconf 85' lang='lat' dir='ltr'><strong>aliis</strong></span> <span class='ocrx_word' id='word_1_300' title='bbox 987 2874 1215 2973; x_wconf 90' lang='lat' dir='ltr'><strong>sycophantis</strong></span> <span class='ocrx_word' id='word_1_301' title='bbox 1236 2892 1311 2948; x_wconf 89' lang='lat' dir='ltr'><strong>tra·</strong></span> <span class='ocrx_word' id='word_1_302' title='bbox 1460 2881 1565 2952; x_wconf 91' lang='lat' dir='ltr'><strong>initia</strong></span> <span class='ocrx_word' id='word_1_303' title='bbox 1589 2905 1664 2952; x_wconf 89' lang='lat' dir='ltr'><strong>non</strong></span> <span class='ocrx_word' id='word_1_304' title='bbox 1686 2877 1867 2952; x_wconf 88' lang='lat' dir='ltr'><strong>habebant</strong></span> <span class='ocrx_word' id='word_1_305' title='bbox 1893 2883 2168 2966; x_wconf 85' lang='lat' dir='ltr'><strong>controversias,</strong></span> <span class='ocrx_word' id='word_1_306' title='bbox 2203 2885 2341 2953; x_wconf 84' lang='lat' dir='ltr'><strong>decon-</strong></span> <span class='ocrx_word' id='word_1_307' title='bbox 2385 2915 2386 2936; x_wconf 56' lang='lat'>1</span> 
     </span>
     <span class='ocr_line' id='line_1_26' title="bbox 311 2975 2386 3080; baseline -0.002 -23"><span class='ocrx_word' id='word_1_308' title='bbox 311 2981 540 3080; x_wconf 80' lang='lat' dir='ltr'><strong>ducuntur&#39;).</strong></span> <span class='ocrx_word' id='word_1_309' title='bbox 575 2981 875 3066; x_wconf 83' lang='lat' dir='ltr'><strong>Addebantitem,</strong></span> <span class='ocrx_word' id='word_1_310' title='bbox 893 2982 924 3050; x_wconf 86' lang='lat' dir='ltr'><strong>si</strong></span> <span class='ocrx_word' id='word_1_311' title='bbox 939 2981 1108 3074; x_wconf 89' lang='lat' dir='ltr'><strong>colloquii</strong></span> <span class='ocrx_word' id='word_1_312' title='bbox 1124 2975 1231 3050; x_wconf 91' lang='lat' dir='ltr'><strong>huius</strong></span> <span class='ocrx_word' id='word_1_313' title='bbox 1247 2981 1310 3050; x_wconf 86' lang='lat' dir='ltr'><strong>de·</strong></span> <span class='ocrx_word' id='word_1_314' title='bbox 1356 2985 1492 3056; x_wconf 85' lang='lat' dir='ltr'><strong>ditione</strong></span> <span class='ocrx_word' id='word_1_315' title='bbox 1516 2981 1691 3071; x_wconf 82' lang='lat' dir='ltr'><strong>bominis,</strong></span> <span class='ocrx_word' id='word_1_316' title='bbox 1718 2987 1762 3054; x_wconf 89' lang='lat' dir='ltr'><strong>de</strong></span> <span class='ocrx_word' id='word_1_317' title='bbox 1778 2985 1896 3076; x_wconf 89' lang='lat' dir='ltr'><strong>lapsu,</strong></span> <span class='ocrx_word' id='word_1_318' title='bbox 1920 2985 1965 3052; x_wconf 89' lang='lat' dir='ltr'><strong>de</strong></span> <span class='ocrx_word' id='word_1_319' title='bbox 1980 2985 2095 3053; x_wconf 89' lang='lat' dir='ltr'><strong>libero</strong></span> <span class='ocrx_word' id='word_1_320' title='bbox 2112 2979 2282 3070; x_wconf 88' lang='lat' dir='ltr'><strong>arbitrio,</strong></span> <span class='ocrx_word' id='word_1_321' title='bbox 2306 2989 2341 3054; x_wconf 86' lang='lat' dir='ltr'><strong>dc</strong></span> <span class='ocrx_word' id='word_1_322' title='bbox 2385 2983 2386 3071; x_wconf 61' lang='lat' dir='ltr'><strong>l</strong></span> 
     </span>
     <span class='ocr_line' id='line_1_27' title="bbox 312 3081 2340 3179; baseline -0 -23"><span class='ocrx_word' id='word_1_323' title='bbox 312 3089 461 3158; x_wconf 90' lang='lat' dir='ltr'><strong>liberata</strong></span> <span class='ocrx_word' id='word_1_324' title='bbox 487 3088 705 3156; x_wconf 88' lang='lat' dir='ltr'><strong>referrentur</strong></span> <span class='ocrx_word' id='word_1_325' title='bbox 719 3085 764 3154; x_wconf 85' lang='lat' dir='ltr'><strong>ad</strong></span> <span class='ocrx_word' id='word_1_326' title='bbox 779 3081 961 3175; x_wconf 90' lang='lat' dir='ltr'><strong>Principes</strong></span> <span class='ocrx_word' id='word_1_327' title='bbox 977 3083 1168 3176; x_wconf 90' lang='lat' dir='ltr'><strong>quosdam,</strong></span> <span class='ocrx_word' id='word_1_328' title='bbox 1194 3083 1310 3154; x_wconf 89' lang='lat' dir='ltr'><strong>dictu·</strong></span> <span class='ocrx_word' id='word_1_329' title='bbox 1355 3109 1474 3157; x_wconf 86' lang='lat' dir='ltr'><strong>caussa</strong></span> <span class='ocrx_word' id='word_1_330' title='bbox 1500 3085 1651 3179; x_wconf 89' lang='lat' dir='ltr'><strong>peccati,</strong></span> <span class='ocrx_word' id='word_1_331' title='bbox 1684 3087 1729 3156; x_wconf 88' lang='lat' dir='ltr'><strong>de</strong></span> <span class='ocrx_word' id='word_1_332' title='bbox 1749 3085 1838 3156; x_wconf 85' lang='lat' dir='ltr'><strong>vitio</strong></span> <span class='ocrx_word' id='word_1_333' title='bbox 1863 3084 2022 3175; x_wconf 78' lang='lat' dir='ltr'><strong>originis.</strong></span> <span class='ocrx_word' id='word_1_334' title='bbox 2086 3082 2141 3155; x_wconf 86' lang='lat' dir='ltr'><strong>De</strong></span> <span class='ocrx_word' id='word_1_335' title='bbox 2174 3081 2232 3156; x_wconf 90' lang='lat' dir='ltr'><strong>his</strong></span> <span class='ocrx_word' id='word_1_336' title='bbox 2267 3089 2340 3156; x_wconf 87' lang='lat' dir='ltr'><strong>locis</strong></span> 
     </span>
     <span class='ocr_line' id='line_1_28' title="bbox 310 3181 2339 3284; baseline -0.001 -25"><span class='ocrx_word' id='word_1_337' title='bbox 310 3215 369 3261; x_wconf 88' lang='lat' dir='ltr'><strong>ros</strong></span> <span class='ocrx_word' id='word_1_338' title='bbox 387 3183 497 3274; x_wconf 81' lang='lat' dir='ltr'><strong>esse&#39;&#39;)</strong></span> <span class='ocrx_word' id='word_1_339' title='bbox 514 3188 643 3258; x_wconf 87' lang='lat' dir='ltr'><strong>liberas</strong></span> <span class='ocrx_word' id='word_1_340' title='bbox 660 3200 694 3257; x_wconf 85' lang='lat' dir='ltr'><strong>et</strong></span> <span class='ocrx_word' id='word_1_341' title='bbox 706 3181 872 3256; x_wconf 78' lang='lat' dir='ltr'><strong>honestas</strong></span> <span class='ocrx_word' id='word_1_342' title='bbox 887 3184 1091 3256; x_wconf 81' lang='lat' dir='ltr'><strong>sententias.</strong></span> <span class='ocrx_word' id='word_1_343' title='bbox 1355 3202 1439 3258; x_wconf 87' lang='lat' dir='ltr'><strong>tnnc</strong></span> <span class='ocrx_word' id='word_1_344' title='bbox 1456 3191 1601 3284; x_wconf 88' lang='lat' dir='ltr'><strong>quidem</strong></span> <span class='ocrx_word' id='word_1_345' title='bbox 1618 3189 1714 3258; x_wconf 83' lang='lat' dir='ltr'><strong>rixae</strong></span> <span class='ocrx_word' id='word_1_346' title='bbox 1727 3187 1849 3258; x_wconf 88' lang='lat' dir='ltr'><strong>nullae</strong></span> <span class='ocrx_word' id='word_1_347' title='bbox 1862 3189 2017 3259; x_wconf 82' lang='lat' dir='ltr'><strong>tuemur.</strong></span> <span class='ocrx_word' id='word_1_348' title='bbox 2061 3185 2215 3258; x_wconf 89' lang='lat' dir='ltr'><strong>Secutus</strong></span> <span class='ocrx_word' id='word_1_349' title='bbox 2231 3205 2281 3258; x_wconf 86' lang='lat' dir='ltr'><strong>est</strong></span> <span class='ocrx_word' id='word_1_350' title='bbox 2297 3191 2339 3256; x_wconf 92' lang='lat' dir='ltr'><strong>lo-</strong></span> 
     </span>
     <span class='ocr_line' id='line_1_29' title="bbox 414 3281 2341 3382; baseline -0.003 -22"><span class='ocrx_word' id='word_1_351' title='bbox 414 3287 580 3360; x_wconf 76' lang='lat' dir='ltr'><strong>Tandem</strong></span> <span class='ocrx_word' id='word_1_352' title='bbox 593 3289 703 3382; x_wconf 76' lang='lat' dir='ltr'><strong>igliur</strong></span> <span class='ocrx_word' id='word_1_353' title='bbox 716 3311 757 3360; x_wconf 80' lang='lat' dir='ltr'><strong>eo</strong></span> <span class='ocrx_word' id='word_1_354' title='bbox 774 3287 989 3357; x_wconf 78' lang='lat' dir='ltr'><strong>decurritur:</strong></span> <span class='ocrx_word' id='word_1_355' title='bbox 1013 3285 1224 3356; x_wconf 75' lang='lat' dir='ltr'><strong>assentimur</strong></span> <span class='ocrx_word' id='word_1_356' title='bbox 1236 3281 1310 3354; x_wconf 84' lang='lat' dir='ltr'><strong>lm·</strong></span> <span class='ocrx_word' id='word_1_357' title='bbox 1355 3316 1415 3360; x_wconf 90' lang='lat' dir='ltr'><strong>cas</strong></span> <span class='ocrx_word' id='word_1_358' title='bbox 1430 3294 1474 3360; x_wconf 89' lang='lat' dir='ltr'><strong>de</strong></span> <span class='ocrx_word' id='word_1_359' title='bbox 1494 3290 1781 3361; x_wconf 86' lang='lat' dir='ltr'><strong>reconciliatione</strong></span> <span class='ocrx_word' id='word_1_360' title='bbox 1804 3285 1978 3374; x_wconf 89' lang='lat' dir='ltr'><strong>hominis,</strong></span> <span class='ocrx_word' id='word_1_361' title='bbox 2012 3311 2073 3358; x_wconf 83' lang='lat' dir='ltr'><strong>seu</strong></span> <span class='ocrx_word' id='word_1_362' title='bbox 2097 3287 2204 3371; x_wconf 84' lang='lat' dir='ltr'><strong>†de&#39;&#39;</strong></span> <span class='ocrx_word' id='word_1_363' title='bbox 2227 3291 2341 3359; x_wconf 75' lang='lat' dir='ltr'><strong>iustifi-</strong></span> 
     </span>
     <span class='ocr_line' id='line_1_30' title="bbox 309 3383 2339 3484; baseline -0.002 -22"><span class='ocrx_word' id='word_1_364' title='bbox 309 3394 482 3484; x_wconf 89' lang='lat' dir='ltr'><strong>peratori,</strong></span> <span class='ocrx_word' id='word_1_365' title='bbox 516 3405 557 3462; x_wconf 90' lang='lat' dir='ltr'><strong>ut</strong></span> <span class='ocrx_word' id='word_1_366' title='bbox 589 3387 670 3460; x_wconf 88' lang='lat' dir='ltr'><strong>hoc·</strong></span> <span class='ocrx_word' id='word_1_367' title='bbox 688 3391 767 3460; x_wconf 92' lang='lat' dir='ltr'><strong>loco</strong></span> <span class='ocrx_word' id='word_1_368' title='bbox 783 3383 814 3483; x_wconf 77' lang='lat'><strong>⁰)</strong></span> <span class='ocrx_word' id='word_1_369' title='bbox 841 3387 1059 3482; x_wconf 88' lang='lat' dir='ltr'><strong>colloquium</strong></span> <span class='ocrx_word' id='word_1_370' title='bbox 1086 3385 1307 3456; x_wconf 90' lang='lat' dir='ltr'><strong>instituatur:</strong></span> <span class='ocrx_word' id='word_1_371' title='bbox 1354 3395 1512 3480; x_wconf 91' lang='lat' dir='ltr'><strong>catione,</strong></span> <span class='ocrx_word' id='word_1_372' title='bbox 1537 3395 1582 3464; x_wconf 83' lang='lat' dir='ltr'><strong>cle</strong></span> <span class='ocrx_word' id='word_1_373' title='bbox 1597 3415 1668 3484; x_wconf 93' lang='lat' dir='ltr'><strong>quo</strong></span> <span class='ocrx_word' id='word_1_374' title='bbox 1684 3393 1823 3480; x_wconf 82' lang='lat' dir='ltr'><strong>farrago</strong></span> <span class='ocrx_word' id='word_1_375' title='bbox 1838 3391 1899 3460; x_wconf 86' lang='lat' dir='ltr'><strong>illa</strong></span> <span class='ocrx_word' id='word_1_376' title='bbox 1916 3391 2035 3460; x_wconf 88' lang='lat' dir='ltr'><strong>neutri</strong></span> <span class='ocrx_word' id='word_1_377' title='bbox 2048 3391 2143 3481; x_wconf 90' lang='lat' dir='ltr'><strong>parti</strong></span> <span class='ocrx_word' id='word_1_378' title='bbox 2160 3393 2339 3461; x_wconf 84' lang='lat' dir='ltr'><strong>satisfacie-</strong></span> 
     </span>
     <span class='ocr_line' id='line_1_31' title="bbox 311 3483 2338 3590; baseline 0 -28"><span class='ocrx_word' id='word_1_379' title='bbox 311 3495 373 3562; x_wconf 87' lang='lat' dir='ltr'><strong>sed</strong></span> <span class='ocrx_word' id='word_1_380' title='bbox 389 3495 458 3579; x_wconf 91' lang='lat' dir='ltr'><strong>ita,</strong></span> <span class='ocrx_word' id='word_1_381' title='bbox 483 3483 637 3586; x_wconf 45' lang='lat' dir='ltr'><strong>ut¹⁰)&#39;ne</strong></span> <span class='ocrx_word' id='word_1_382' title='bbox 650 3491 851 3564; x_wconf 88' lang='lat' dir='ltr'><strong>condantur</strong></span> <span class='ocrx_word' id='word_1_383' title='bbox 863 3489 1045 3583; x_wconf 86' lang='lat' dir='ltr'><strong>flexiloqui</strong></span> <span class='ocrx_word' id='word_1_384' title='bbox 1061 3487 1224 3572; x_wconf 88' lang='lat' dir='ltr'><strong>articuli,</strong></span> <span class='ocrx_word' id='word_1_385' title='bbox 1248 3491 1306 3558; x_wconf 88' lang='lat' dir='ltr'><strong>scd</strong></span> <span class='ocrx_word' id='word_1_386' title='bbox 1354 3496 1434 3580; x_wconf 87' lang='lat' dir='ltr'><strong>bat,</strong></span> <span class='ocrx_word' id='word_1_387' title='bbox 1461 3509 1494 3564; x_wconf 83' lang='lat' dir='ltr'><strong>et</strong></span> <span class='ocrx_word' id='word_1_388' title='bbox 1510 3495 1593 3588; x_wconf 90' lang='lat' dir='ltr'><strong>qnia</strong></span> <span class='ocrx_word' id='word_1_389' title='bbox 1611 3517 1721 3562; x_wconf 83' lang='lat' dir='ltr'><strong>novas</strong></span> <span class='ocrx_word' id='word_1_390' title='bbox 1737 3494 1908 3590; x_wconf 80' lang='lat' dir='ltr'><strong>quasdam</strong></span> <span class='ocrx_word' id='word_1_391' title='bbox 1921 3494 2115 3562; x_wconf 87' lang='lat' dir='ltr'><strong>sententias</strong></span> <span class='ocrx_word' id='word_1_392' title='bbox 2131 3496 2338 3574; x_wconf 87' lang='lat' dir='ltr'><strong>continebat,</strong></span> 
     </span>
     <span class='ocr_line' id='line_1_32' title="bbox 311 3587 2337 3690; baseline -0.002 -24"><span class='ocrx_word' id='word_1_393' title='bbox 311 3609 352 3666; x_wconf 90' lang='lat' dir='ltr'><strong>ut</strong></span> <span class='ocrx_word' id='word_1_394' title='bbox 375 3595 523 3688; x_wconf 88' lang='lat' dir='ltr'><strong>simplex</strong></span> <span class='ocrx_word' id='word_1_395' title='bbox 546 3595 675 3664; x_wconf 82' lang='lat' dir='ltr'><strong>veritas</strong></span> <span class='ocrx_word' id='word_1_396' title='bbox 696 3593 848 3684; x_wconf 87' lang='lat' dir='ltr'><strong>patefiat.</strong></span> <span class='ocrx_word' id='word_1_397' title='bbox 898 3587 946 3661; x_wconf 86' lang='lat' dir='ltr'><strong>Et</strong></span> <span class='ocrx_word' id='word_1_398' title='bbox 961 3605 1107 3660; x_wconf 91' lang='lat' dir='ltr'><strong>testatus</strong></span> <span class='ocrx_word' id='word_1_399' title='bbox 1123 3603 1172 3660; x_wconf 90' lang='lat' dir='ltr'><strong>est</strong></span> <span class='ocrx_word' id='word_1_400' title='bbox 1191 3587 1309 3682; x_wconf 88' lang='lat' dir='ltr'><strong>lmpe·</strong></span> <span class='ocrx_word' id='word_1_401' title='bbox 1343 3593 1533 3690; x_wconf 59' lang='lat' dir='ltr'><strong>estquod</strong></span> <span class='ocrx_word' id='word_1_402' title='bbox 1545 3596 1560 3620; x_wconf 82' lang='grc'>”</span> <span class='ocrx_word' id='word_1_403' title='bbox 1576 3595 1745 3689; x_wconf 88' lang='lat' dir='ltr'><strong>pleraque</strong></span> <span class='ocrx_word' id='word_1_404' title='bbox 1767 3607 1872 3664; x_wconf 86' lang='lat' dir='ltr'><strong>crant</strong></span> <span class='ocrx_word' id='word_1_405' title='bbox 1893 3595 2061 3678; x_wconf 87' lang='lat' dir='ltr'><strong>obscura,</strong></span> <span class='ocrx_word' id='word_1_406' title='bbox 2094 3595 2289 3686; x_wconf 89' lang='lat' dir='ltr'><strong>impropria</strong></span> <span class='ocrx_word' id='word_1_407' title='bbox 2311 3611 2337 3662; x_wconf 89' lang='lat' dir='ltr'><strong>ct</strong></span> 
     </span>
     <span class='ocr_line' id='line_1_33' title="bbox 310 3691 2338 3791; baseline -0 -26"><span class='ocrx_word' id='word_1_408' title='bbox 310 3711 425 3782; x_wconf 89' lang='lat' dir='ltr'><strong>rator,</strong></span> <span class='ocrx_word' id='word_1_409' title='bbox 467 3697 557 3766; x_wconf 86' lang='lat' dir='ltr'><strong>velle</strong></span> <span class='ocrx_word' id='word_1_410' title='bbox 581 3720 616 3765; x_wconf 89' lang='lat' dir='ltr'><strong>se</strong></span> <span class='ocrx_word' id='word_1_411' title='bbox 641 3695 776 3788; x_wconf 91' lang='lat' dir='ltr'><strong>inquiri</strong></span> <span class='ocrx_word' id='word_1_412' title='bbox 798 3693 1000 3762; x_wconf 85' lang='lat' dir='ltr'><strong>veritatem:</strong></span> <span class='ocrx_word' id='word_1_413' title='bbox 1040 3717 1080 3762; x_wconf 86' lang='lat' dir='ltr'><strong>ac</strong></span> <span class='ocrx_word' id='word_1_414' title='bbox 1109 3691 1148 3760; x_wconf 93' lang='lat' dir='ltr'><strong>in</strong></span> <span class='ocrx_word' id='word_1_415' title='bbox 1170 3691 1309 3763; x_wconf 90' lang='lat' dir='ltr'><strong>delectu</strong></span> <span class='ocrx_word' id='word_1_416' title='bbox 1352 3699 1558 3791; x_wconf 86' lang='lat' dir='ltr'><strong>flexiloqua:</strong></span> <span class='ocrx_word' id='word_1_417' title='bbox 1599 3711 1639 3767; x_wconf 91' lang='lat' dir='ltr'><strong>ut</strong></span> <span class='ocrx_word' id='word_1_418' title='bbox 1663 3699 1750 3765; x_wconf 81' lang='lat' dir='ltr'><strong>alias</strong></span> <span class='ocrx_word' id='word_1_419' title='bbox 1770 3697 1951 3766; x_wconf 85' lang='lat' dir='ltr'><strong>videretur</strong></span> <span class='ocrx_word' id='word_1_420' title='bbox 1974 3709 2067 3765; x_wconf 87' lang='lat' dir='ltr'><strong>recte</strong></span> <span class='ocrx_word' id='word_1_421' title='bbox 2089 3695 2227 3783; x_wconf 88' lang='lat' dir='ltr'><strong>dicere,</strong></span> <span class='ocrx_word' id='word_1_422' title='bbox 2262 3697 2338 3766; x_wconf 84' lang='lat' dir='ltr'><strong>Fide</strong></span> 
     </span>
     <span class='ocr_line' id='line_1_34' title="bbox 309 3791 2336 3890; baseline -0 -22"><span class='ocrx_word' id='word_1_423' title='bbox 309 3823 395 3870; x_wconf 89' lang='lat' dir='ltr'><strong>usus</strong></span> <span class='ocrx_word' id='word_1_424' title='bbox 413 3813 464 3868; x_wconf 90' lang='lat' dir='ltr'><strong>est</strong></span> <span class='ocrx_word' id='word_1_425' title='bbox 480 3793 545 3866; x_wconf 89' lang='lat' dir='ltr'><strong>bac</strong></span> <span class='ocrx_word' id='word_1_426' title='bbox 561 3797 745 3890; x_wconf 87' lang='lat' dir='ltr'><strong>aequitate.</strong></span> <span class='ocrx_word' id='word_1_427' title='bbox 797 3791 852 3864; x_wconf 86' lang='lat' dir='ltr'><strong>Ex</strong></span> <span class='ocrx_word' id='word_1_428' title='bbox 864 3793 1063 3864; x_wconf 86' lang='lat' dir='ltr'><strong>Pontificiis</strong></span> <span class='ocrx_word' id='word_1_429' title='bbox 1084 3805 1154 3862; x_wconf 91' lang='lat' dir='ltr'><strong>tres</strong></span> <span class='ocrx_word' id='word_1_430' title='bbox 1168 3793 1308 3883; x_wconf 87' lang='lat' dir='ltr'><strong>delegit,</strong></span> <span class='ocrx_word' id='word_1_431' title='bbox 1352 3815 1497 3890; x_wconf 89' lang='lat' dir='ltr'><strong>propter</strong></span> <span class='ocrx_word' id='word_1_432' title='bbox 1512 3795 1693 3871; x_wconf 86' lang='lat' dir='ltr'><strong>Christum</strong></span> <span class='ocrx_word' id='word_1_433' title='bbox 1717 3799 1802 3868; x_wconf 90' lang='lat' dir='ltr'><strong>iusti</strong></span> <span class='ocrx_word' id='word_1_434' title='bbox 1822 3821 1958 3867; x_wconf 90' lang='lat' dir='ltr'><strong>sumus:</strong></span> <span class='ocrx_word' id='word_1_435' title='bbox 1985 3797 2074 3866; x_wconf 89' lang='lat' dir='ltr'><strong>alias</strong></span> <span class='ocrx_word' id='word_1_436' title='bbox 2094 3813 2237 3878; x_wconf 87' lang='lat' dir='ltr'><strong>contra,</strong></span> <span class='ocrx_word' id='word_1_437' title='bbox 2263 3823 2336 3890; x_wconf 88' lang='lat' dir='ltr'><strong>pro-</strong></span> 
     </span>
     <span class='ocr_line' id='line_1_35' title="bbox 309 3889 2335 3992; baseline 0.001 -26"><span class='ocrx_word' id='word_1_438' title='bbox 309 3895 475 3985; x_wconf 84' lang='lat' dir='ltr'><strong>Iolinm,</strong></span> <span class='ocrx_word' id='word_1_439' title='bbox 505 3895 678 3982; x_wconf 84' lang='lat' dir='ltr'><strong>Eccinm,</strong></span> <span class='ocrx_word' id='word_1_440' title='bbox 713 3913 747 3968; x_wconf 88' lang='lat' dir='ltr'><strong>et</strong></span> <span class='ocrx_word' id='word_1_441' title='bbox 769 3889 1010 3992; x_wconf 84' lang='lat' dir='ltr'><strong>Gropperam.</strong></span> <span class='ocrx_word' id='word_1_442' title='bbox 1068 3891 1136 3963; x_wconf 84' lang='lat' dir='ltr'><strong>His</strong></span> <span class='ocrx_word' id='word_1_443' title='bbox 1168 3893 1307 3965; x_wconf 80' lang='lat' dir='ltr'><strong>addidit</strong></span> <span class='ocrx_word' id='word_1_444' title='bbox 1354 3915 1430 3992; x_wconf 87' lang='lat' dir='ltr'><strong>pter</strong></span> <span class='ocrx_word' id='word_1_445' title='bbox 1453 3903 1601 3970; x_wconf 86' lang='lat' dir='ltr'><strong>donatas</strong></span> <span class='ocrx_word' id='word_1_446' title='bbox 1629 3900 1777 3969; x_wconf 84' lang='lat' dir='ltr'><strong>virtutes</strong></span> <span class='ocrx_word' id='word_1_447' title='bbox 1806 3921 1927 3968; x_wconf 88' lang='lat' dir='ltr'><strong>snmus</strong></span> <span class='ocrx_word' id='word_1_448' title='bbox 1958 3899 2058 3972; x_wconf 88' lang='lat' dir='ltr'><strong>iusti:</strong></span> <span class='ocrx_word' id='word_1_449' title='bbox 2102 3914 2143 3970; x_wconf 91' lang='lat' dir='ltr'><strong>ut</strong></span> <span class='ocrx_word' id='word_1_450' title='bbox 2170 3897 2335 3974; x_wconf 78' lang='lat' dir='ltr'><strong>Thomas,</strong></span> 
     </span>
     <span class='ocr_line' id='line_1_36' title="bbox 309 3989 2385 4096; baseline -0.001 -25"><span class='ocrx_word' id='word_1_451' title='bbox 309 4027 351 4072; x_wconf 83' lang='lat' dir='ltr'><strong>ex</strong></span> <span class='ocrx_word' id='word_1_452' title='bbox 367 4003 474 4071; x_wconf 87' lang='lat' dir='ltr'><strong>altera</strong></span> <span class='ocrx_word' id='word_1_453' title='bbox 494 4015 591 4092; x_wconf 91' lang='lat' dir='ltr'><strong>parte</strong></span> <span class='ocrx_word' id='word_1_454' title='bbox 608 3998 754 4085; x_wconf 85' lang='lat' dir='ltr'><strong>†tres&#39;&#39;,</strong></span> <span class='ocrx_word' id='word_1_455' title='bbox 780 3991 1018 4096; x_wconf 67' lang='lat' dir='ltr'><strong>Philippum,</strong></span> <span class='ocrx_word' id='word_1_456' title='bbox 1045 3989 1244 4078; x_wconf 73' lang='lat' dir='ltr'><strong>Bracarum,</strong></span> <span class='ocrx_word' id='word_1_457' title='bbox 1272 4009 1307 4066; x_wconf 89' lang='lat' dir='ltr'><strong>et</strong></span> <span class='ocrx_word' id='word_1_458' title='bbox 1352 4027 1412 4072; x_wconf 89' lang='lat' dir='ltr'><strong>scu</strong></span> <span class='ocrx_word' id='word_1_459' title='bbox 1429 4015 1470 4071; x_wconf 87' lang='lat' dir='ltr'><strong>ttt</strong></span> <span class='ocrx_word' id='word_1_460' title='bbox 1485 4001 1587 4072; x_wconf 81' lang='lat' dir='ltr'><strong>Plato</strong></span> <span class='ocrx_word' id='word_1_461' title='bbox 1603 4002 1772 4092; x_wconf 87' lang='lat' dir='ltr'><strong>loquitur.</strong></span> <span class='ocrx_word' id='word_1_462' title='bbox 1870 4015 1876 4025; x_wconf 83' lang='grc'><strong>“</strong></span> <span class='ocrx_word' id='word_1_463' title='bbox 2384 3993 2385 3996; x_wconf 35' lang='grc'><strong>“</strong></span> 
     </span>
     <span class='ocr_line' id='line_1_37' title="bbox 308 4097 2385 4199; baseline -0.001 -29"><span class='ocrx_word' id='word_1_464' title='bbox 308 4097 506 4174; x_wconf 84' lang='lat' dir='ltr'><strong>Nidanam</strong></span> <span class='ocrx_word' id='word_1_465' title='bbox 522 4109 719 4199; x_wconf 83' lang='lat' dir='ltr'><strong>pastorem.</strong></span> <span class='ocrx_word' id='word_1_466' title='bbox 777 4099 933 4171; x_wconf 80' lang='lat' dir='ltr'><strong>Potitum</strong></span> <span class='ocrx_word' id='word_1_467' title='bbox 956 4115 1027 4185; x_wconf 90' lang='lat' dir='ltr'><strong>est,</strong></span> <span class='ocrx_word' id='word_1_468' title='bbox 1060 4111 1101 4168; x_wconf 88' lang='lat' dir='ltr'><strong>ut</strong></span> <span class='ocrx_word' id='word_1_469' title='bbox 1130 4099 1307 4168; x_wconf 80' lang='lat' dir='ltr'><strong>addantur</strong></span> <span class='ocrx_word' id='word_1_470' title='bbox 1450 4103 1613 4196; x_wconf 89' lang='lat' dir='ltr'><strong>Seposito</strong></span> <span class='ocrx_word' id='word_1_471' title='bbox 1638 4103 1746 4191; x_wconf 85' lang='lat' dir='ltr'><strong>igitur</strong></span> <span class='ocrx_word' id='word_1_472' title='bbox 1769 4103 1882 4186; x_wconf 89' lang='lat' dir='ltr'><strong>libro,</strong></span> <span class='ocrx_word' id='word_1_473' title='bbox 1924 4103 1968 4170; x_wconf 87' lang='lat' dir='ltr'><strong>de</strong></span> <span class='ocrx_word' id='word_1_474' title='bbox 1997 4125 2137 4172; x_wconf 80' lang='lat' dir='ltr'><strong>summa</strong></span> <span class='ocrx_word' id='word_1_475' title='bbox 2160 4105 2212 4172; x_wconf 89' lang='lat' dir='ltr'><strong>rei</strong></span> <span class='ocrx_word' id='word_1_476' title='bbox 2236 4105 2334 4172; x_wconf 83' lang='lat' dir='ltr'><strong>libere</strong></span> <span class='ocrx_word' id='word_1_477' title='bbox 2384 4099 2385 4132; x_wconf 42' lang='lat' dir='ltr'><strong>l</strong></span> 
     </span>
     <span class='ocr_line' id='line_1_38' title="bbox 309 4197 2385 4302; baseline 0 -28"><span class='ocrx_word' id='word_1_478' title='bbox 309 4197 1312 4302; x_wconf 79' lang='lat' dir='ltr'><strong>Principesceu¹¹)gubernatorescolloquii,etaliquiau·‘</strong></span> <span class='ocrx_word' id='word_1_479' title='bbox 1350 4205 1568 4296; x_wconf 87' lang='lat' dir='ltr'><strong>disputatum</strong></span> <span class='ocrx_word' id='word_1_480' title='bbox 1594 4217 1663 4274; x_wconf 88' lang='lat' dir='ltr'><strong>est:</strong></span> <span class='ocrx_word' id='word_1_481' title='bbox 1701 4217 1736 4274; x_wconf 88' lang='lat' dir='ltr'><strong>et</strong></span> <span class='ocrx_word' id='word_1_482' title='bbox 1761 4205 1903 4274; x_wconf 87' lang='lat' dir='ltr'><strong>taudem</strong></span> <span class='ocrx_word' id='word_1_483' title='bbox 1931 4205 1976 4276; x_wconf 83' lang='lat' dir='ltr'><strong>ad</strong></span> <span class='ocrx_word' id='word_1_484' title='bbox 1998 4203 2191 4274; x_wconf 85' lang='lat' dir='ltr'><strong>formulam</strong></span> <span class='ocrx_word' id='word_1_485' title='bbox 2220 4207 2331 4276; x_wconf 87' lang='lat' dir='ltr'><strong>decur·</strong></span> <span class='ocrx_word' id='word_1_486' title='bbox 2384 4211 2385 4272; x_wconf 62' lang='grc' dir='ltr'>ἶ</span> 
     </span>
     <span class='ocr_line' id='line_1_39' title="bbox 310 4301 2334 4404; baseline -0.002 -28"><span class='ocrx_word' id='word_1_487' title='bbox 310 4307 442 4377; x_wconf 86' lang='lat' dir='ltr'><strong>ditores</strong></span> <span class='ocrx_word' id='word_1_488' title='bbox 458 4301 566 4400; x_wconf 85' lang='lat' dir='ltr'><strong>ceu¹¹)</strong></span> <span class='ocrx_word' id='word_1_489' title='bbox 582 4319 702 4389; x_wconf 90' lang='lat' dir='ltr'><strong>testes,</strong></span> <span class='ocrx_word' id='word_1_490' title='bbox 728 4317 768 4374; x_wconf 93' lang='lat' dir='ltr'><strong>ut</strong></span> <span class='ocrx_word' id='word_1_491' title='bbox 790 4317 866 4373; x_wconf 88' lang='lat' dir='ltr'><strong>acta</strong></span> <span class='ocrx_word' id='word_1_492' title='bbox 881 4327 961 4373; x_wconf 92' lang='lat' dir='ltr'><strong>cum</strong></span> <span class='ocrx_word' id='word_1_493' title='bbox 976 4301 1205 4394; x_wconf 89' lang='lat' dir='ltr'><strong>Imperatori,</strong></span> <span class='ocrx_word' id='word_1_494' title='bbox 1227 4315 1305 4371; x_wconf 88' lang='lat' dir='ltr'><strong>tum</strong></span> <span class='ocrx_word' id='word_1_495' title='bbox 1351 4303 1493 4404; x_wconf 76' lang='lat' dir='ltr'><strong>sum¹³)‚</strong></span> <span class='ocrx_word' id='word_1_496' title='bbox 1528 4308 1567 4376; x_wconf 92' lang='lat' dir='ltr'><strong>in</strong></span> <span class='ocrx_word' id='word_1_497' title='bbox 1589 4329 1659 4400; x_wconf 92' lang='lat' dir='ltr'><strong>qna</strong></span> <span class='ocrx_word' id='word_1_498' title='bbox 1678 4319 1815 4397; x_wconf 87' lang='lat' dir='ltr'><strong>recepta</strong></span> <span class='ocrx_word' id='word_1_499' title='bbox 1838 4319 1874 4376; x_wconf 89' lang='lat' dir='ltr'><strong>et</strong></span> <span class='ocrx_word' id='word_1_500' title='bbox 1896 4303 2067 4396; x_wconf 86' lang='lat' dir='ltr'><strong>explicata</strong></span> <span class='ocrx_word' id='word_1_501' title='bbox 2091 4307 2334 4386; x_wconf 73' lang='lat' dir='ltr'><strong>sententiata,</strong></span> 
     </span>
     <span class='ocr_line' id='line_1_40' title="bbox 308 4399 2385 4501; baseline 0.001 -25"><span class='ocrx_word' id='word_1_502' title='bbox 308 4407 387 4476; x_wconf 89' lang='lat' dir='ltr'><strong>aliis</strong></span> <span class='ocrx_word' id='word_1_503' title='bbox 409 4407 632 4499; x_wconf 83' lang='lat' dir='ltr'><strong>principibus</strong></span> <span class='ocrx_word' id='word_1_504' title='bbox 656 4405 795 4476; x_wconf 86' lang='lat' dir='ltr'><strong>fidelius</strong></span> <span class='ocrx_word' id='word_1_505' title='bbox 812 4403 952 4474; x_wconf 89' lang='lat' dir='ltr'><strong>recitari</strong></span> <span class='ocrx_word' id='word_1_506' title='bbox 968 4405 1115 4495; x_wconf 90' lang='lat' dir='ltr'><strong>possint.</strong></span> <span class='ocrx_word' id='word_1_507' title='bbox 1167 4399 1305 4472; x_wconf 87' lang='lat' dir='ltr'><strong>Delecti</strong></span> <span class='ocrx_word' id='word_1_508' title='bbox 1353 4407 1438 4478; x_wconf 79' lang='lat' dir='ltr'><strong>Pide</strong></span> <span class='ocrx_word' id='word_1_509' title='bbox 1460 4423 1605 4501; x_wconf 89' lang='lat' dir='ltr'><strong>propter</strong></span> <span class='ocrx_word' id='word_1_510' title='bbox 1630 4402 1811 4478; x_wconf 89' lang='lat' dir='ltr'><strong>Christum</strong></span> <span class='ocrx_word' id='word_1_511' title='bbox 1831 4401 1955 4500; x_wconf 77' lang='lat' dir='ltr'><strong>gratis</strong></span> <span class='ocrx_word' id='word_1_512' title='bbox 1981 4405 2230 4494; x_wconf 86' lang='lat' dir='ltr'><strong>iustificamur,</strong></span> <span class='ocrx_word' id='word_1_513' title='bbox 2269 4433 2331 4476; x_wconf 88' lang='lat' dir='ltr'><strong>non</strong></span> <span class='ocrx_word' id='word_1_514' title='bbox 2384 4451 2385 4482; x_wconf 65' lang='lat' dir='ltr'><strong>r</strong></span> 
     </span>
     <span class='ocr_line' id='line_1_41' title="bbox 308 4483 2385 4601; baseline -0 -23"><span class='ocrx_word' id='word_1_515' title='bbox 308 4525 391 4579; x_wconf 86' lang='lat' dir='ltr'><strong>sunt</strong></span> <span class='ocrx_word' id='word_1_516' title='bbox 421 4509 691 4598; x_wconf 85' lang='lat' dir='ltr'><strong>gubernatores,</strong></span> <span class='ocrx_word' id='word_1_517' title='bbox 730 4507 812 4578; x_wconf 82' lang='lat' dir='ltr'><strong>Dux</strong></span> <span class='ocrx_word' id='word_1_518' title='bbox 842 4497 1078 4590; x_wconf 75' lang='lat' dir='ltr'><strong>FridrrirnS,</strong></span> <span class='ocrx_word' id='word_1_519' title='bbox 1111 4503 1305 4587; x_wconf 89' lang='lat' dir='ltr'><strong>Palatinus,</strong></span> <span class='ocrx_word' id='word_1_520' title='bbox 1353 4523 1494 4601; x_wconf 79' lang='lat' dir='ltr'><strong>propter</strong></span> <span class='ocrx_word' id='word_1_521' title='bbox 1518 4510 1665 4580; x_wconf 90' lang='lat' dir='ltr'><strong>virtutes</strong></span> <span class='ocrx_word' id='word_1_522' title='bbox 1688 4523 1836 4581; x_wconf 90' lang='lat' dir='ltr'><strong>nostras.</strong></span> <span class='ocrx_word' id='word_1_523' title='bbox 1887 4504 1979 4576; x_wconf 91' lang='lat' dir='ltr'><strong>Cum</strong></span> <span class='ocrx_word' id='word_1_524' title='bbox 2002 4509 2046 4576; x_wconf 87' lang='lat' dir='ltr'><strong>de</strong></span> <span class='ocrx_word' id='word_1_525' title='bbox 2072 4503 2139 4578; x_wconf 92' lang='lat' dir='ltr'><strong>hoc</strong></span> <span class='ocrx_word' id='word_1_526' title='bbox 2165 4511 2330 4582; x_wconf 88' lang='lat' dir='ltr'><strong>lococon-</strong></span> <span class='ocrx_word' id='word_1_527' title='bbox 2384 4483 2385 4539; x_wconf 75' lang='lat' dir='ltr'><strong>l</strong></span> 
     </span>
     <span class='ocr_line' id='line_1_42' title="bbox 311 4595 2123 4696; baseline -0.002 -16"><span class='ocrx_word' id='word_1_528' title='bbox 311 4623 345 4680; x_wconf 92' lang='lat' dir='ltr'><strong>ct</strong></span> <span class='ocrx_word' id='word_1_529' title='bbox 368 4603 607 4680; x_wconf 75' lang='lat' dir='ltr'><strong>Gruncellns.</strong></span> <span class='ocrx_word' id='word_1_530' title='bbox 673 4605 842 4678; x_wconf 83' lang='lat' dir='ltr'><strong>Adiuncti</strong></span> <span class='ocrx_word' id='word_1_531' title='bbox 868 4607 1066 4690; x_wconf 86' lang='lat' dir='ltr'><strong>auditores,</strong></span> <span class='ocrx_word' id='word_1_532' title='bbox 1105 4598 1234 4674; x_wconf 67' lang='lat' dir='ltr'><strong>Coenos</strong></span> <span class='ocrx_word' id='word_1_533' title='bbox 1262 4599 1305 4673; x_wconf 79' lang='lat' dir='ltr'><strong>de</strong></span> <span class='ocrx_word' id='word_1_534' title='bbox 1352 4613 1519 4696; x_wconf 76' lang='lat' dir='ltr'><strong>venisset,</strong></span> <span class='ocrx_word' id='word_1_535' title='bbox 1546 4610 1663 4680; x_wconf 88' lang='lat' dir='ltr'><strong>redire</strong></span> <span class='ocrx_word' id='word_1_536' title='bbox 1679 4611 1723 4679; x_wconf 86' lang='lat' dir='ltr'><strong>ad</strong></span> <span class='ocrx_word' id='word_1_537' title='bbox 1739 4595 1871 4680; x_wconf 88' lang='lat' dir='ltr'><strong>librum</strong></span> <span class='ocrx_word' id='word_1_538' title='bbox 1887 4607 1974 4678; x_wconf 88' lang='lat' dir='ltr'><strong>iussi</strong></span> <span class='ocrx_word' id='word_1_539' title='bbox 1989 4631 2123 4684; x_wconf 87' lang='lat' dir='ltr'><strong>sumus.</strong></span> 
     </span>
     <span class='ocr_line' id='line_1_43' title="bbox 308 4701 2331 4806; baseline -0.001 -24"><span class='ocrx_word' id='word_1_540' title='bbox 308 4704 613 4792; x_wconf 74' lang='lat' dir='ltr'><strong>Manderseheir,</strong></span> <span class='ocrx_word' id='word_1_541' title='bbox 640 4703 889 4780; x_wconf 80' lang='lat' dir='ltr'><strong>Eberhardus</strong></span> <span class='ocrx_word' id='word_1_542' title='bbox 906 4701 1054 4793; x_wconf 81' lang='lat' dir='ltr'><strong>Iiuede,</strong></span> <span class='ocrx_word' id='word_1_543' title='bbox 1080 4707 1304 4778; x_wconf 88' lang='lat' dir='ltr'><strong>consiliarius</strong></span> <span class='ocrx_word' id='word_1_544' title='bbox 1443 4713 1577 4806; x_wconf 32' lang='lat' dir='ltr'><strong>&#39;Lectus</strong></span> <span class='ocrx_word' id='word_1_545' title='bbox 1593 4725 1644 4782; x_wconf 85' lang='lat' dir='ltr'><strong>est</strong></span> <span class='ocrx_word' id='word_1_546' title='bbox 1659 4711 1756 4782; x_wconf 92' lang='lat' dir='ltr'><strong>locus</strong></span> <span class='ocrx_word' id='word_1_547' title='bbox 1771 4733 1920 4803; x_wconf 90' lang='lat' dir='ltr'><strong>sequens</strong></span> <span class='ocrx_word' id='word_1_548' title='bbox 1933 4711 1976 4780; x_wconf 92' lang='lat' dir='ltr'><strong>de</strong></span> <span class='ocrx_word' id='word_1_549' title='bbox 1992 4705 2176 4784; x_wconf 75' lang='lat' dir='ltr'><strong>Ecclesia.</strong></span> <span class='ocrx_word' id='word_1_550' title='bbox 2218 4709 2331 4794; x_wconf 82' lang='lat' dir='ltr'><strong>†Hic’&#39;</strong></span> 
     </span>
     <span class='ocr_line' id='line_1_44' title="bbox 1351 4812 2330 4905; baseline -0.005 -19"><span class='ocrx_word' id='word_1_551' title='bbox 1351 4832 1389 4886; x_wconf 88' lang='lat' dir='ltr'><strong>ut</strong></span> <span class='ocrx_word' id='word_1_552' title='bbox 1404 4816 1542 4886; x_wconf 89' lang='lat' dir='ltr'><strong>facilins</strong></span> <span class='ocrx_word' id='word_1_553' title='bbox 1556 4812 1708 4884; x_wconf 86' lang='lat' dir='ltr'><strong>obtineri</strong></span> <span class='ocrx_word' id='word_1_554' title='bbox 1723 4813 1905 4905; x_wconf 88' lang='lat' dir='ltr'><strong>sequentia</strong></span> <span class='ocrx_word' id='word_1_555' title='bbox 1922 4825 2076 4903; x_wconf 80' lang='lat' dir='ltr'><strong>possent,</strong></span> <span class='ocrx_word' id='word_1_556' title='bbox 2099 4814 2265 4884; x_wconf 84' lang='lat' dir='ltr'><strong>insidiose</strong></span> <span class='ocrx_word' id='word_1_557' title='bbox 2276 4815 2330 4882; x_wconf 83' lang='lat' dir='ltr'><strong>ad-</strong></span> 
     </span>
    </p>
   </div>
   <div class='ocr_carea' id='block_1_3' title="bbox 338 4899 2328 5052">
    <p class='ocr_par' dir='ltr' id='par_1_3' title="bbox 338 4899 2328 5052">
     <span class='ocr_line' id='line_1_45' title="bbox 338 4899 2328 5052; baseline 0.003 -75"><span class='ocrx_word' id='word_1_558' title='bbox 338 4901 371 5052; x_wconf 50' lang='lat' dir='ltr'><strong>zl</strong></span> <span class='ocrx_word' id='word_1_559' title='bbox 387 4899 763 5040; x_wconf 42' lang='grc' dir='ltr'><strong>ζ’ἑὲὓῑζῖηξῖᾶἑεῖᾝή</strong></span> <span class='ocrx_word' id='word_1_560' title='bbox 778 4983 859 5038; x_wconf 71' lang='lat' dir='ltr'><strong>attus</strong></span> <span class='ocrx_word' id='word_1_561' title='bbox 878 5001 946 5044; x_wconf 46' lang='lat' dir='ltr'><strong>me.</strong></span> <span class='ocrx_word' id='word_1_562' title='bbox 1084 4907 1089 4912; x_wconf 65' lang='grc'>’</span> <span class='ocrx_word' id='word_1_563' title='bbox 1350 4923 1422 4990; x_wconf 87' lang='lat' dir='ltr'><strong>dita</strong></span> <span class='ocrx_word' id='word_1_564' title='bbox 1447 4929 1499 4987; x_wconf 91' lang='lat' dir='ltr'><strong>est</strong></span> <span class='ocrx_word' id='word_1_565' title='bbox 1522 4911 1750 5010; x_wconf 83' lang='lat' dir='ltr'><strong>hypothesis,</strong></span> <span class='ocrx_word' id='word_1_566' title='bbox 1779 4937 2001 4983; x_wconf 90' lang='lat' dir='ltr'><strong>communem</strong></span> <span class='ocrx_word' id='word_1_567' title='bbox 2024 4938 2234 4988; x_wconf 90' lang='lat' dir='ltr'><strong>consensum</strong></span> <span class='ocrx_word' id='word_1_568' title='bbox 2248 4917 2328 4994; x_wconf 72' lang='lat' dir='ltr'><strong>Jrec-</strong></span> 
     </span>
    </p>
   </div>
   <div class='ocr_carea' id='block_1_4' title="bbox 339 5053 1560 5195">
    <p class='ocr_par' dir='ltr' id='par_1_4' title="bbox 339 5053 1560 5195">
     <span class='ocr_line' id='line_1_46' title="bbox 339 5053 1560 5194; baseline -0.007 -70"><span class='ocrx_word' id='word_1_569' title='bbox 339 5072 368 5142; x_wconf 74' lang='grc'><strong>6)</strong></span> <span class='ocrx_word' id='word_1_570' title='bbox 376 5073 556 5194; x_wconf 65' lang='lat' dir='ltr'><strong>1profitentur</strong></span> <span class='ocrx_word' id='word_1_571' title='bbox 572 5069 651 5124; x_wconf 88' lang='lat' dir='ltr'><strong>codd.</strong></span> <span class='ocrx_word' id='word_1_572' title='bbox 663 5089 714 5142; x_wconf 89' lang='lat' dir='ltr'><strong>pro</strong></span> <span class='ocrx_word' id='word_1_573' title='bbox 724 5071 941 5144; x_wconf 65' lang='lat' dir='ltr'><strong>prefiteamur,</strong></span> <span class='ocrx_word' id='word_1_574' title='bbox 961 5070 1037 5141; x_wconf 84' lang='lat' dir='ltr'><strong>quod</strong></span> <span class='ocrx_word' id='word_1_575' title='bbox 1056 5069 1156 5124; x_wconf 79' lang='lat' dir='ltr'><strong>babent</strong></span> <span class='ocrx_word' id='word_1_576' title='bbox 1169 5067 1263 5132; x_wconf 69' lang='lat' dir='ltr'><strong>Metal-f</strong></span> <span class='ocrx_word' id='word_1_577' title='bbox 1277 5075 1303 5120; x_wconf 81' lang='lat' dir='ltr'><strong>et</strong></span> <span class='ocrx_word' id='word_1_578' title='bbox 1326 5053 1331 5116; x_wconf 92' lang='lat' dir='ltr'><strong>l</strong></span> <span class='ocrx_word' id='word_1_579' title='bbox 1357 5113 1360 5117; x_wconf 95' lang='lat'>.</span> <span class='ocrx_word' id='word_1_580' title='bbox 1387 5111 1407 5118; x_wconf 64' lang='lat'><em>„</em></span> <span class='ocrx_word' id='word_1_581' title='bbox 1420 5105 1560 5116; x_wconf 61' lang='grc'><strong>..-......</strong></span> 
     </span>
     <span class='ocr_line' id='line_1_47' title="bbox 400 5159 460 5195; baseline 0 -1"><span class='ocrx_word' id='word_1_582' title='bbox 400 5159 460 5195; x_wconf 79' lang='lat' dir='ltr'><strong>eur.</strong></span> 
     </span>
    </p>
   </div>
   <div class='ocr_carea' id='block_1_5' title="bbox 339 5185 2384 5366">
    <p class='ocr_par' dir='ltr' id='par_1_5' title="bbox 339 5185 2384 5366">
     <span class='ocr_line' id='line_1_48' title="bbox 339 5185 2326 5298; baseline -0.004 -20"><span class='ocrx_word' id='word_1_583' title='bbox 339 5225 640 5291; x_wconf 58' lang='lat' dir='ltr'><strong>&amp;Manln&#39;uqut‘rera</strong></span> <span class='ocrx_word' id='word_1_584' title='bbox 758 5223 792 5294; x_wconf 85' lang='grc'><strong>7)</strong></span> <span class='ocrx_word' id='word_1_585' title='bbox 810 5221 880 5280; x_wconf 88' lang='lat' dir='ltr'><strong>Cod.</strong></span> <span class='ocrx_word' id='word_1_586' title='bbox 895 5185 1164 5293; x_wconf 76' lang='lat' dir='ltr'><strong>Bar-praedicatur.</strong></span> <span class='ocrx_word' id='word_1_587' title='bbox 1385 5231 1428 5298; x_wconf 81' lang='lat' dir='ltr'><strong>rt)</strong></span> <span class='ocrx_word' id='word_1_588' title='bbox 1446 5222 1698 5282; x_wconf 62' lang='lat' dir='ltr'><strong>conmaculans</strong></span> <span class='ocrx_word' id='word_1_589' title='bbox 1726 5221 1905 5290; x_wconf 68' lang='lat' dir='ltr'><strong>„instruatur</strong></span> <span class='ocrx_word' id='word_1_590' title='bbox 1921 5227 1964 5272; x_wconf 86' lang='lat' dir='ltr'><strong>est</strong></span> <span class='ocrx_word' id='word_1_591' title='bbox 1983 5235 2147 5286; x_wconf 71' lang='lat' dir='ltr'><strong>congressus</strong></span> <span class='ocrx_word' id='word_1_592' title='bbox 2171 5225 2326 5278; x_wconf 62' lang='lat' dir='ltr'><strong>detectorum</strong></span> 
     </span>
     <span class='ocr_line' id='line_1_49' title="bbox 340 5287 2384 5366; baseline -0.014 0"><span class='ocrx_word' id='word_1_593' title='bbox 340 5309 369 5366; x_wconf 80' lang='lat' dir='ltr'><strong>lll</strong></span> <span class='ocrx_word' id='word_1_594' title='bbox 385 5309 440 5364; x_wconf 85' lang='lat' dir='ltr'><strong>Pro</strong></span> <span class='ocrx_word' id='word_1_595' title='bbox 454 5325 515 5364; x_wconf 80' lang='lat' dir='ltr'><strong>esse</strong></span> <span class='ocrx_word' id='word_1_596' title='bbox 526 5307 610 5366; x_wconf 75' lang='lat' dir='ltr'><strong>Pauo.</strong></span> <span class='ocrx_word' id='word_1_597' title='bbox 624 5309 755 5364; x_wconf 76' lang='lat' dir='ltr'><strong>mendose</strong></span> <span class='ocrx_word' id='word_1_598' title='bbox 764 5325 825 5363; x_wconf 73' lang='lat' dir='ltr'><strong>sor.</strong></span> <span class='ocrx_word' id='word_1_599' title='bbox 1418 5295 1566 5354; x_wconf 76' lang='lat' dir='ltr'><em>XXVIII.</em></span> <span class='ocrx_word' id='word_1_600' title='bbox 1579 5291 1708 5360; x_wconf 71' lang='lat' dir='ltr'><strong>Aprttis’·</strong></span> <span class='ocrx_word' id='word_1_601' title='bbox 1725 5303 1753 5346; x_wconf 78' lang='lat' dir='ltr'><strong>et</strong></span> <span class='ocrx_word' id='word_1_602' title='bbox 1764 5291 1805 5346; x_wconf 80' lang='lat' dir='ltr'><strong>bis</strong></span> <span class='ocrx_word' id='word_1_603' title='bbox 1819 5289 1907 5344; x_wconf 76' lang='lat' dir='ltr'><strong>serbis</strong></span> <span class='ocrx_word' id='word_1_604' title='bbox 1919 5287 2025 5344; x_wconf 78' lang='lat' dir='ltr'><strong>desinit.</strong></span> <span class='ocrx_word' id='word_1_605' title='bbox 2383 5319 2384 5322; x_wconf 56' lang='lat'><em>=</em></span> 
     </span>
    </p>
   </div>
   <div class='ocr_carea' id='block_1_6' title="bbox 340 5373 2084 5462">
    <p class='ocr_par' dir='ltr' id='par_1_6' title="bbox 340 5373 2084 5462">
     <span class='ocr_line' id='line_1_50' title="bbox 340 5373 2084 5462; baseline -0.011 -15"><span class='ocrx_word' id='word_1_606' title='bbox 340 5393 370 5460; x_wconf 78' lang='grc'><strong>9)</strong></span> <span class='ocrx_word' id='word_1_607' title='bbox 388 5392 444 5447; x_wconf 86' lang='lat' dir='ltr'><strong>Pro</strong></span> <span class='ocrx_word' id='word_1_608' title='bbox 458 5395 517 5446; x_wconf 78' lang='lat' dir='ltr'><strong>loro</strong></span> <span class='ocrx_word' id='word_1_609' title='bbox 529 5392 593 5449; x_wconf 83' lang='lat' dir='ltr'><strong>cod.</strong></span> <span class='ocrx_word' id='word_1_610' title='bbox 608 5389 672 5448; x_wconf 85' lang='lat' dir='ltr'><strong>Bar.</strong></span> <span class='ocrx_word' id='word_1_611' title='bbox 686 5395 843 5462; x_wconf 65' lang='lat' dir='ltr'><strong>angustius.</strong></span> <span class='ocrx_word' id='word_1_612' title='bbox 936 5447 942 5454; x_wconf 77' lang='grc'><em>,</em></span> <span class='ocrx_word' id='word_1_613' title='bbox 1385 5383 1427 5452; x_wconf 78' lang='grc'><strong>13)</strong></span> <span class='ocrx_word' id='word_1_614' title='bbox 1451 5378 1539 5436; x_wconf 80' lang='lat' dir='ltr'><strong>bisul.</strong></span> <span class='ocrx_word' id='word_1_615' title='bbox 1553 5399 1603 5452; x_wconf 91' lang='lat' dir='ltr'><strong>pro</strong></span> <span class='ocrx_word' id='word_1_616' title='bbox 1616 5378 1837 5432; x_wconf 77' lang='lat' dir='ltr'><strong>moderationem</strong></span> <span class='ocrx_word' id='word_1_617' title='bbox 1851 5373 1928 5430; x_wconf 78' lang='lat' dir='ltr'><strong>babet</strong></span> <span class='ocrx_word' id='word_1_618' title='bbox 1944 5374 2050 5444; x_wconf 76' lang='lat' dir='ltr'><strong>signum</strong></span> <span class='ocrx_word' id='word_1_619' title='bbox 2065 5375 2084 5412; x_wconf 71' lang='lat'>⁸</span> 
     </span>
    </p>
   </div>
   <div class='ocr_carea' id='block_1_7' title="bbox 342 5459 2290 5637">
    <p class='ocr_par' dir='ltr' id='par_1_7' title="bbox 342 5459 2290 5637">
     <span class='ocr_line' id='line_1_51' title="bbox 342 5459 1974 5545; baseline -0.013 -13"><span class='ocrx_word' id='word_1_620' title='bbox 342 5478 386 5544; x_wconf 78' lang='lat'><strong>10)</strong></span> <span class='ocrx_word' id='word_1_621' title='bbox 405 5485 436 5531; x_wconf 83' lang='lat' dir='ltr'><strong>ut</strong></span> <span class='ocrx_word' id='word_1_622' title='bbox 450 5495 505 5532; x_wconf 76' lang='lat' dir='ltr'><strong>ors.</strong></span> <span class='ocrx_word' id='word_1_623' title='bbox 516 5475 618 5545; x_wconf 64' lang='lat' dir='ltr'><strong>esua,</strong></span> <span class='ocrx_word' id='word_1_624' title='bbox 635 5480 677 5532; x_wconf 77' lang='lat' dir='ltr'><strong>ita</strong></span> <span class='ocrx_word' id='word_1_625' title='bbox 688 5477 926 5535; x_wconf 13' lang='lat' dir='ltr'><strong>masmanna.</strong></span> <span class='ocrx_word' id='word_1_626' title='bbox 1088 5509 1091 5534; x_wconf 84' lang='lat'><em>.</em></span> <span class='ocrx_word' id='word_1_627' title='bbox 1387 5471 1429 5536; x_wconf 77' lang='lat'><strong>14)</strong></span> <span class='ocrx_word' id='word_1_628' title='bbox 1447 5467 1536 5522; x_wconf 83' lang='lat' dir='ltr'><strong>Mani.</strong></span> <span class='ocrx_word' id='word_1_629' title='bbox 1552 5466 1700 5520; x_wconf 76' lang='lat' dir='ltr'><strong>mandore:</strong></span> <span class='ocrx_word' id='word_1_630' title='bbox 1719 5459 1850 5516; x_wconf 69' lang='lat' dir='ltr'><strong>conditis.</strong></span> <span class='ocrx_word' id='word_1_631' title='bbox 1970 5467 1974 5478; x_wconf 79' lang='grc'><em>’</em></span> 
     </span>
     <span class='ocr_line' id='line_1_52' title="bbox 344 5541 2290 5637; baseline -0.017 -6"><span class='ocrx_word' id='word_1_632' title='bbox 344 5563 387 5630; x_wconf 79' lang='lat'><strong>¹¹)</strong></span> <span class='ocrx_word' id='word_1_633' title='bbox 407 5561 494 5620; x_wconf 54' lang='lat' dir='ltr'><strong>Mul·</strong></span> <span class='ocrx_word' id='word_1_634' title='bbox 508 5563 635 5637; x_wconf 73' lang='lat' dir='ltr'><strong>0l,P⁸¹tc·</strong></span> <span class='ocrx_word' id='word_1_635' title='bbox 648 5581 700 5620; x_wconf 68' lang='lat' dir='ltr'><strong>“tt</strong></span> <span class='ocrx_word' id='word_1_636' title='bbox 716 5583 766 5636; x_wconf 70' lang='lat' dir='ltr'><strong>pto</strong></span> <span class='ocrx_word' id='word_1_637' title='bbox 779 5583 839 5628; x_wconf 69' lang='lat' dir='ltr'><strong>uu.</strong></span> <span class='ocrx_word' id='word_1_638' title='bbox 1386 5558 1428 5625; x_wconf 65' lang='lat' dir='ltr'><strong>lb)</strong></span> <span class='ocrx_word' id='word_1_639' title='bbox 1448 5553 1494 5611; x_wconf 79' lang='lat' dir='ltr'><strong>stc</strong></span> <span class='ocrx_word' id='word_1_640' title='bbox 1508 5551 1589 5609; x_wconf 85' lang='lat' dir='ltr'><strong>codd.</strong></span> <span class='ocrx_word' id='word_1_641' title='bbox 1604 5563 1826 5624; x_wconf 69' lang='lat' dir='ltr'><strong>processuum,</strong></span> <span class='ocrx_word' id='word_1_642' title='bbox 1846 5544 1918 5616; x_wconf 88' lang='lat' dir='ltr'><strong>quod</strong></span> <span class='ocrx_word' id='word_1_643' title='bbox 1933 5541 2017 5598; x_wconf 82' lang='lat' dir='ltr'><strong>Mani.</strong></span> <span class='ocrx_word' id='word_1_644' title='bbox 2032 5554 2057 5598; x_wconf 87' lang='lat' dir='ltr'><strong>et</strong></span> <span class='ocrx_word' id='word_1_645' title='bbox 2074 5547 2152 5602; x_wconf 76' lang='lat' dir='ltr'><strong>Pane.</strong></span> <span class='ocrx_word' id='word_1_646' title='bbox 2169 5547 2290 5601; x_wconf 75' lang='lat' dir='ltr'><strong>exhibent.</strong></span> 
     </span>
    </p>
   </div>
   <div class='ocr_carea' id='block_1_8' title="bbox 0 0 2406 6264">
    <p class='ocr_par' dir='ltr' id='par_1_8' title="bbox 0 0 2406 6264">
     <span class='ocr_line' id='line_1_53' title="bbox 0 0 2406 6264; baseline 0 0"><span class='ocrx_word' id='word_1_647' title='bbox 0 0 2406 6264; x_wconf 95' lang='lat' dir='ltr'><strong> </strong></span> 
     </span>
    </p>
   </div>
  </div>
 </body>
</html>
