<?xml version="1.0" encoding="UTF-8"?>
<!DOCTYPE html PUBLIC "-//W3C//DTD XHTML 1.0 Transitional//EN"
    "http://www.w3.org/TR/xhtml1/DTD/xhtml1-transitional.dtd">
<html xmlns="http://www.w3.org/1999/xhtml" xml:lang="en" lang="en">
 <head>
  <title>
</title>
<meta http-equiv="Content-Type" content="text/html;charset=utf-8" />
  <meta name='ocr-system' content='tesseract 3.04.00' />
  <meta name='ocr-capabilities' content='ocr_page ocr_carea ocr_par ocr_line ocrx_word'/>
</head>
<body>
  <div class='ocr_page' id='page_1' title='image "./philippimelanth03bindgoog_0365.png"; bbox 0 0 4764 6270; ppageno 0'>
   <div class='ocr_carea' id='block_1_1' title="bbox 69 321 2079 444">
    <p class='ocr_par' dir='ltr' id='par_1_1' title="bbox 69 321 2079 444">
     <span class='ocr_line' id='line_1_1' title="bbox 69 321 2079 444; baseline -0.009 -9"><span class='ocrx_word' id='word_1_1' title='bbox 69 367 132 444; x_wconf 76' lang='lat' dir='ltr'><strong>coo</strong></span> <span class='ocrx_word' id='word_1_2' title='bbox 595 343 1036 431; x_wconf 79' lang='lat' dir='ltr'><strong>uassroaaauu</strong></span> <span class='ocrx_word' id='word_1_3' title='bbox 1088 343 1333 428; x_wconf 73' lang='lat' dir='ltr'><strong>mauu.</strong></span> <span class='ocrx_word' id='word_1_4' title='bbox 1388 345 1521 424; x_wconf 78' lang='lat'><strong>1541.</strong></span> <span class='ocrx_word' id='word_1_5' title='bbox 1703 321 1706 336; x_wconf 85' lang='lat'>&#39;</span> <span class='ocrx_word' id='word_1_6' title='bbox 2003 345 2079 418; x_wconf 77' lang='lat' dir='ltr'><strong>oro</strong></span> 
     </span>
    </p>
   </div>
   <div class='ocr_carea' id='block_1_2' title="bbox 63 510 2078 932">
    <p class='ocr_par' dir='ltr' id='par_1_2' title="bbox 63 510 2078 932">
     <span class='ocr_line' id='line_1_2' title="bbox 64 510 2076 617; baseline -0.007 -16"><span class='ocrx_word' id='word_1_7' title='bbox 64 533 180 608; x_wconf 75' lang='lat' dir='ltr'><strong>doratio</strong></span> <span class='ocrx_word' id='word_1_8' title='bbox 210 525 434 600; x_wconf 69' lang='lat' dir='ltr'><strong>lovietiaslsni</strong></span> <span class='ocrx_word' id='word_1_9' title='bbox 449 519 694 617; x_wconf 83' lang='lat' dir='ltr'><strong>&#39;Imperatoris</strong></span> <span class='ocrx_word' id='word_1_10' title='bbox 724 510 861 592; x_wconf 82' lang='lat' dir='ltr'><strong>Caroli</strong></span> <span class='ocrx_word' id='word_1_11' title='bbox 882 513 1038 611; x_wconf 81' lang='lat' dir='ltr'><strong>Augusti</strong></span> <span class='ocrx_word' id='word_1_12' title='bbox 1087 519 1202 604; x_wconf 87' lang='lat' dir='ltr'><strong>tibus,</strong></span> <span class='ocrx_word' id='word_1_13' title='bbox 1234 522 1278 592; x_wconf 90' lang='lat' dir='ltr'><strong>de</strong></span> <span class='ocrx_word' id='word_1_14' title='bbox 1303 519 1541 614; x_wconf 71' lang='lat' dir='ltr'><strong>applicatione</strong></span> <span class='ocrx_word' id='word_1_15' title='bbox 1568 516 1708 592; x_wconf 80' lang='lat' dir='ltr'><strong>Cocnae</strong></span> <span class='ocrx_word' id='word_1_16' title='bbox 1731 517 1899 603; x_wconf 82' lang='lat' dir='ltr'><strong>Domini,</strong></span> <span class='ocrx_word' id='word_1_17' title='bbox 1936 531 1971 588; x_wconf 92' lang='lat' dir='ltr'><strong>et</strong></span> <span class='ocrx_word' id='word_1_18' title='bbox 1998 516 2076 593; x_wconf 87' lang='lat' dir='ltr'><strong>aliis</strong></span> 
     </span>
     <span class='ocr_line' id='line_1_3' title="bbox 63 613 2077 729; baseline -0.008 -25"><span class='ocrx_word' id='word_1_19' title='bbox 63 649 146 729; x_wconf 79' lang='lat' dir='ltr'><strong>grata</strong></span> <span class='ocrx_word' id='word_1_20' title='bbox 166 613 327 704; x_wconf 81' lang='lat' dir='ltr'><strong>Ecclesiis</strong></span> <span class='ocrx_word' id='word_1_21' title='bbox 350 641 386 700; x_wconf 86' lang='lat' dir='ltr'><strong>et</strong></span> <span class='ocrx_word' id='word_1_22' title='bbox 407 625 515 698; x_wconf 84' lang='lat' dir='ltr'><strong>bouis</strong></span> <span class='ocrx_word' id='word_1_23' title='bbox 534 624 709 702; x_wconf 56' lang='lat' dir='ltr'><strong>&#39;omibus</strong></span> <span class='ocrx_word' id='word_1_24' title='bbox 727 637 811 694; x_wconf 76' lang='lat' dir='ltr'><strong>eoae</strong></span> <span class='ocrx_word' id='word_1_25' title='bbox 840 621 966 703; x_wconf 84' lang='lat' dir='ltr'><strong>debet,</strong></span> <span class='ocrx_word' id='word_1_26' title='bbox 986 633 1036 691; x_wconf 88' lang='lat' dir='ltr'><strong>&#39;et</strong></span> <span class='ocrx_word' id='word_1_27' title='bbox 1086 623 1297 716; x_wconf 87' lang='lat' dir='ltr'><strong>quibusdam</strong></span> <span class='ocrx_word' id='word_1_28' title='bbox 1335 623 1679 708; x_wconf 87' lang='lat' dir='ltr'><strong>animadvertissem,</strong></span> <span class='ocrx_word' id='word_1_29' title='bbox 1720 621 1840 712; x_wconf 90' lang='lat' dir='ltr'><strong>coepi,</strong></span> <span class='ocrx_word' id='word_1_30' title='bbox 1881 633 1921 690; x_wconf 90' lang='lat' dir='ltr'><strong>ut</strong></span> <span class='ocrx_word' id='word_1_31' title='bbox 1960 619 2077 689; x_wconf 88' lang='lat' dir='ltr'><strong>dicam</strong></span> 
     </span>
     <span class='ocr_line' id='line_1_4' title="bbox 64 719 2078 826; baseline -0.006 -23"><span class='ocrx_word' id='word_1_32' title='bbox 64 733 240 826; x_wconf 71' lang='lat' dir='ltr'><strong>amplum</strong></span> <span class='ocrx_word' id='word_1_33' title='bbox 253 729 426 800; x_wconf 73' lang='lat' dir='ltr'><strong>pransoria</strong></span> <span class='ocrx_word' id='word_1_34' title='bbox 435 727 684 819; x_wconf 80' lang='lat' dir='ltr'><strong>dignissimum</strong></span> <span class='ocrx_word' id='word_1_35' title='bbox 697 725 875 810; x_wconf 86' lang='lat' dir='ltr'><strong>est,acad</strong></span> <span class='ocrx_word' id='word_1_36' title='bbox 892 743 1034 793; x_wconf 82' lang='lat' dir='ltr'><strong>munem</strong></span> <span class='ocrx_word' id='word_1_37' title='bbox 1087 725 1182 818; x_wconf 89' lang='lat' dir='ltr'><strong>quod</strong></span> <span class='ocrx_word' id='word_1_38' title='bbox 1196 725 1331 815; x_wconf 89' lang='lat' dir='ltr'><strong>sentio,</strong></span> <span class='ocrx_word' id='word_1_39' title='bbox 1355 739 1512 796; x_wconf 68' lang='lat' dir='ltr'><strong>munere</strong></span> <span class='ocrx_word' id='word_1_40' title='bbox 1525 725 1683 798; x_wconf 75' lang='lat' dir='ltr'><strong>insidias.</strong></span> <span class='ocrx_word' id='word_1_41' title='bbox 1734 719 1784 794; x_wconf 90' lang='lat' dir='ltr'><strong>Et</strong></span> <span class='ocrx_word' id='word_1_42' title='bbox 1798 721 1999 792; x_wconf 80' lang='lat' dir='ltr'><strong>manifestas</strong></span> <span class='ocrx_word' id='word_1_43' title='bbox 2019 720 2078 790; x_wconf 88' lang='lat' dir='ltr'><strong>iu-</strong></span> 
     </span>
     <span class='ocr_line' id='line_1_5' title="bbox 63 823 2078 932; baseline -0.007 -27"><span class='ocrx_word' id='word_1_44' title='bbox 63 837 280 932; x_wconf 81' lang='lat' dir='ltr'><strong>posteritatam</strong></span> <span class='ocrx_word' id='word_1_45' title='bbox 301 829 468 924; x_wconf 72' lang='lat' dir='ltr'><strong>partinet.</strong></span> <span class='ocrx_word' id='word_1_46' title='bbox 516 826 666 901; x_wconf 66' lang='lat' dir='ltr'><strong>&amp;aaut</strong></span> <span class='ocrx_word' id='word_1_47' title='bbox 688 827 788 908; x_wconf 84' lang='lat' dir='ltr'><strong>euim</strong></span> <span class='ocrx_word' id='word_1_48' title='bbox 809 842 885 895; x_wconf 85' lang='lat' dir='ltr'><strong>non</strong></span> <span class='ocrx_word' id='word_1_49' title='bbox 905 841 1035 918; x_wconf 80' lang='lat' dir='ltr'><strong>paucas</strong></span> <span class='ocrx_word' id='word_1_50' title='bbox 1086 825 1198 918; x_wconf 88' lang='lat' dir='ltr'><strong>eptias</strong></span> <span class='ocrx_word' id='word_1_51' title='bbox 1222 826 1414 896; x_wconf 81' lang='lat' dir='ltr'><strong>adversarii</strong></span> <span class='ocrx_word' id='word_1_52' title='bbox 1434 827 1525 896; x_wconf 89' lang='lat' dir='ltr'><strong>adeo</strong></span> <span class='ocrx_word' id='word_1_53' title='bbox 1547 827 1688 900; x_wconf 84' lang='lat' dir='ltr'><strong>duriter</strong></span> <span class='ocrx_word' id='word_1_54' title='bbox 1711 823 1969 907; x_wconf 74' lang='lat' dir='ltr'><strong>defendebant,</strong></span> <span class='ocrx_word' id='word_1_55' title='bbox 2002 840 2078 900; x_wconf 82' lang='lat' dir='ltr'><strong>non</strong></span> 
     </span>
    </p>
   </div>
   <div class='ocr_carea' id='block_1_3' title="bbox 37 923 2105 3456">
    <p class='ocr_par' dir='ltr' id='par_1_3' title="bbox 63 923 2077 1028">
     <span class='ocr_line' id='line_1_6' title="bbox 63 923 2077 1028; baseline -0.008 -20"><span class='ocrx_word' id='word_1_56' title='bbox 63 934 326 1028; x_wconf 79' lang='lat' dir='ltr'><strong>aseEriunyas,</strong></span> <span class='ocrx_word' id='word_1_57' title='bbox 348 929 560 1025; x_wconf 81' lang='lat' dir='ltr'><strong>qoaeoivile</strong></span> <span class='ocrx_word' id='word_1_58' title='bbox 578 927 718 1012; x_wconf 82' lang='lat' dir='ltr'><strong>bellum</strong></span> <span class='ocrx_word' id='word_1_59' title='bbox 733 927 944 1010; x_wconf 76' lang='lat' dir='ltr'><strong>accendere,</strong></span> <span class='ocrx_word' id='word_1_60' title='bbox 971 926 1035 996; x_wconf 85' lang='lat' dir='ltr'><strong>de-</strong></span> <span class='ocrx_word' id='word_1_61' title='bbox 1084 928 1269 1000; x_wconf 85' lang='lat' dir='ltr'><strong>ot&#39;veritas</strong></span> <span class='ocrx_word' id='word_1_62' title='bbox 1283 929 1405 1022; x_wconf 83' lang='lat' dir='ltr'><strong>quaeri</strong></span> <span class='ocrx_word' id='word_1_63' title='bbox 1424 927 1469 1000; x_wconf 90' lang='lat' dir='ltr'><strong>ab</strong></span> <span class='ocrx_word' id='word_1_64' title='bbox 1492 927 1597 1020; x_wconf 87' lang='lat' dir='ltr'><strong>ipsis,</strong></span> <span class='ocrx_word' id='word_1_65' title='bbox 1628 925 1690 997; x_wconf 88' lang='lat' dir='ltr'><strong>sed</strong></span> <span class='ocrx_word' id='word_1_66' title='bbox 1718 936 1860 998; x_wconf 89' lang='lat' dir='ltr'><strong>nostrae</strong></span> <span class='ocrx_word' id='word_1_67' title='bbox 1884 923 2077 1010; x_wconf 77' lang='lat' dir='ltr'><strong>sententiae</strong></span> 
     </span>
    </p>

    <p class='ocr_par' dir='ltr' id='par_1_4' title="bbox 62 1023 2077 1120">
     <span class='ocr_line' id='line_1_7' title="bbox 62 1023 2077 1120; baseline -0.008 -10"><span class='ocrx_word' id='word_1_68' title='bbox 62 1041 123 1110; x_wconf 86' lang='lat' dir='ltr'><strong>lere</strong></span> <span class='ocrx_word' id='word_1_69' title='bbox 142 1035 310 1108; x_wconf 82' lang='lat' dir='ltr'><strong>Ecclesias</strong></span> <span class='ocrx_word' id='word_1_70' title='bbox 330 1045 486 1117; x_wconf 75' lang='lat' dir='ltr'><strong>nostrm,</strong></span> <span class='ocrx_word' id='word_1_71' title='bbox 505 1030 697 1104; x_wconf 79' lang='lat' dir='ltr'><strong>&#39;trucidare</strong></span> <span class='ocrx_word' id='word_1_72' title='bbox 714 1023 850 1100; x_wconf 83' lang='lat' dir='ltr'><strong>Christi</strong></span> <span class='ocrx_word' id='word_1_73' title='bbox 875 1027 1032 1097; x_wconf 88' lang='lat' dir='ltr'><strong>membra</strong></span> <span class='ocrx_word' id='word_1_74' title='bbox 1086 1029 1268 1120; x_wconf 77' lang='lat' dir='ltr'><strong>palinodia</strong></span> <span class='ocrx_word' id='word_1_75' title='bbox 1289 1029 1481 1103; x_wconf 76' lang='lat' dir='ltr'><strong>videretur.</strong></span> <span class='ocrx_word' id='word_1_76' title='bbox 1546 1025 1602 1098; x_wconf 90' lang='lat' dir='ltr'><strong>De</strong></span> <span class='ocrx_word' id='word_1_77' title='bbox 1622 1053 1681 1100; x_wconf 87' lang='lat' dir='ltr'><strong>me</strong></span> <span class='ocrx_word' id='word_1_78' title='bbox 1701 1028 1837 1108; x_wconf 88' lang='lat' dir='ltr'><strong>dicam,</strong></span> <span class='ocrx_word' id='word_1_79' title='bbox 1870 1044 1937 1098; x_wconf 88' lang='lat' dir='ltr'><strong>nec</strong></span> <span class='ocrx_word' id='word_1_80' title='bbox 1957 1043 2077 1117; x_wconf 78' lang='lat' dir='ltr'><strong>repre-</strong></span> 
     </span>
    </p>

    <p class='ocr_par' dir='ltr' id='par_1_5' title="bbox 60 1126 2105 1323">
     <span class='ocr_line' id='line_1_8' title="bbox 62 1126 2105 1230; baseline -0.007 -18"><span class='ocrx_word' id='word_1_81' title='bbox 62 1139 175 1230; x_wconf 85' lang='lat' dir='ltr'><strong>etpias</strong></span> <span class='ocrx_word' id='word_1_82' title='bbox 187 1133 374 1226; x_wconf 74' lang='lat' dir='ltr'><strong>Evangelii</strong></span> <span class='ocrx_word' id='word_1_83' title='bbox 396 1133 597 1217; x_wconf 85' lang='lat' dir='ltr'><strong>ministros,</strong></span> <span class='ocrx_word' id='word_1_84' title='bbox 622 1131 824 1220; x_wconf 74' lang='lat' dir='ltr'><strong>extinguere</strong></span> <span class='ocrx_word' id='word_1_85' title='bbox 850 1129 1031 1198; x_wconf 77' lang='lat' dir='ltr'><strong>literarum</strong></span> <span class='ocrx_word' id='word_1_86' title='bbox 1086 1127 1294 1202; x_wconf 88' lang='lat' dir='ltr'><strong>hensionem</strong></span> <span class='ocrx_word' id='word_1_87' title='bbox 1326 1153 1388 1202; x_wconf 88' lang='lat' dir='ltr'><strong>seu</strong></span> <span class='ocrx_word' id='word_1_88' title='bbox 1412 1130 1582 1202; x_wconf 72' lang='lat' dir='ltr'><strong>stultitiae</strong></span> <span class='ocrx_word' id='word_1_89' title='bbox 1609 1153 1672 1200; x_wconf 87' lang='lat' dir='ltr'><strong>seu</strong></span> <span class='ocrx_word' id='word_1_90' title='bbox 1693 1129 1844 1222; x_wconf 76' lang='lat' dir='ltr'><strong>ineptae,</strong></span> <span class='ocrx_word' id='word_1_91' title='bbox 1862 1126 2077 1200; x_wconf 82' lang='lat' dir='ltr'><strong>morositatis</strong></span> <span class='ocrx_word' id='word_1_92' title='bbox 2103 1200 2105 1208; x_wconf 70' lang='grc'><em>,</em></span> 
     </span>
     <span class='ocr_line' id='line_1_9' title="bbox 60 1231 2078 1323; baseline -0.007 -11"><span class='ocrx_word' id='word_1_93' title='bbox 60 1239 176 1320; x_wconf 82' lang='lat' dir='ltr'><strong>studia,</strong></span> <span class='ocrx_word' id='word_1_94' title='bbox 201 1237 399 1308; x_wconf 88' lang='lat' dir='ltr'><strong>barbariem</strong></span> <span class='ocrx_word' id='word_1_95' title='bbox 422 1249 458 1306; x_wconf 90' lang='lat' dir='ltr'><strong>et</strong></span> <span class='ocrx_word' id='word_1_96' title='bbox 477 1233 678 1306; x_wconf 87' lang='lat' dir='ltr'><strong>vastitatem</strong></span> <span class='ocrx_word' id='word_1_97' title='bbox 700 1231 738 1300; x_wconf 90' lang='lat' dir='ltr'><strong>in</strong></span> <span class='ocrx_word' id='word_1_98' title='bbox 762 1231 877 1322; x_wconf 88' lang='lat' dir='ltr'><strong>patria</strong></span> <span class='ocrx_word' id='word_1_99' title='bbox 898 1231 1033 1300; x_wconf 82' lang='lat' dir='ltr'><strong>efficere</strong></span> <span class='ocrx_word' id='word_1_100' title='bbox 1085 1244 1220 1317; x_wconf 89' lang='lat' dir='ltr'><strong>metuo,</strong></span> <span class='ocrx_word' id='word_1_101' title='bbox 1244 1233 1414 1303; x_wconf 86' lang='lat' dir='ltr'><strong>incandui</strong></span> <span class='ocrx_word' id='word_1_102' title='bbox 1436 1245 1471 1304; x_wconf 89' lang='lat' dir='ltr'><strong>et</strong></span> <span class='ocrx_word' id='word_1_103' title='bbox 1493 1231 1589 1323; x_wconf 89' lang='lat' dir='ltr'><strong>ipse,</strong></span> <span class='ocrx_word' id='word_1_104' title='bbox 1621 1245 1656 1302; x_wconf 94' lang='lat' dir='ltr'><strong>et</strong></span> <span class='ocrx_word' id='word_1_105' title='bbox 1678 1231 1888 1302; x_wconf 77' lang='lat' dir='ltr'><strong>labefactare</strong></span> <span class='ocrx_word' id='word_1_106' title='bbox 1904 1231 2078 1322; x_wconf 79' lang='lat' dir='ltr'><strong>‹praedam</strong></span> 
     </span>
    </p>

    <p class='ocr_par' dir='ltr' id='par_1_6' title="bbox 60 1324 2078 1428">
     <span class='ocr_line' id='line_1_10' title="bbox 60 1324 2078 1428; baseline -0.007 -16"><span class='ocrx_word' id='word_1_107' title='bbox 60 1353 226 1414; x_wconf 80' lang='lat' dir='ltr'><strong>murator.</strong></span> <span class='ocrx_word' id='word_1_108' title='bbox 275 1335 353 1410; x_wconf 87' lang='lat' dir='ltr'><strong>llos</strong></span> <span class='ocrx_word' id='word_1_109' title='bbox 367 1335 520 1428; x_wconf 84' lang='lat' dir='ltr'><strong>impetus</strong></span> <span class='ocrx_word' id='word_1_110' title='bbox 537 1357 621 1406; x_wconf 88' lang='lat' dir='ltr'><strong>cum</strong></span> <span class='ocrx_word' id='word_1_111' title='bbox 645 1331 814 1425; x_wconf 85' lang='lat' dir='ltr'><strong>reprimat</strong></span> <span class='ocrx_word' id='word_1_112' title='bbox 838 1329 1035 1423; x_wconf 80' lang='lat' dir='ltr'><strong>Imperator</strong></span> <span class='ocrx_word' id='word_1_113' title='bbox 1085 1333 1238 1406; x_wconf 87' lang='lat' dir='ltr'><strong>absurda</strong></span> <span class='ocrx_word' id='word_1_114' title='bbox 1256 1335 1373 1426; x_wconf 91' lang='lat' dir='ltr'><strong>coepi,</strong></span> <span class='ocrx_word' id='word_1_115' title='bbox 1398 1335 1588 1426; x_wconf 81' lang='lat' dir='ltr'><strong>dequibus</strong></span> <span class='ocrx_word' id='word_1_116' title='bbox 1609 1333 1750 1404; x_wconf 88' lang='lat' dir='ltr'><strong>articuli</strong></span> <span class='ocrx_word' id='word_1_117' title='bbox 1772 1345 1955 1428; x_wconf 83' lang='lat' dir='ltr'><strong>sequentes</strong></span> <span class='ocrx_word' id='word_1_118' title='bbox 1978 1324 2078 1399; x_wconf 81' lang='lat' dir='ltr'><strong>erhi-</strong></span> 
     </span>
    </p>

    <p class='ocr_par' dir='ltr' id='par_1_7' title="bbox 60 1421 2077 1531">
     <span class='ocr_line' id='line_1_11' title="bbox 60 1421 2077 1531; baseline -0.006 -18"><span class='ocrx_word' id='word_1_119' title='bbox 60 1435 221 1526; x_wconf 60' lang='lat' dir='ltr'><strong>Cnaolun</strong></span> <span class='ocrx_word' id='word_1_120' title='bbox 246 1439 508 1531; x_wconf 75' lang='lat' dir='ltr'><strong>agnoscendum</strong></span> <span class='ocrx_word' id='word_1_121' title='bbox 536 1449 588 1506; x_wconf 75' lang='lat' dir='ltr'><strong>eet</strong></span> <span class='ocrx_word' id='word_1_122' title='bbox 611 1431 679 1506; x_wconf 84' lang='lat' dir='ltr'><strong>Dei</strong></span> <span class='ocrx_word' id='word_1_123' title='bbox 709 1421 940 1516; x_wconf 76' lang='lat' dir='ltr'><strong>beneficium.</strong></span> <span class='ocrx_word' id='word_1_124' title='bbox 970 1432 1034 1524; x_wconf 83' lang='lat' dir='ltr'><strong>qui</strong></span> <span class='ocrx_word' id='word_1_125' title='bbox 1063 1435 1151 1506; x_wconf 85' lang='lat' dir='ltr'><strong>-biti</strong></span> <span class='ocrx_word' id='word_1_126' title='bbox 1166 1449 1271 1520; x_wconf 84' lang='lat' dir='ltr'><strong>sunt,</strong></span> <span class='ocrx_word' id='word_1_127' title='bbox 1293 1437 1475 1506; x_wconf 81' lang='lat' dir='ltr'><strong>mmmuni</strong></span> <span class='ocrx_word' id='word_1_128' title='bbox 1488 1433 1763 1522; x_wconf 66' lang='lat' dir='ltr'><strong>iudicio‘trium,</strong></span> <span class='ocrx_word' id='word_1_129' title='bbox 1786 1435 1850 1528; x_wconf 87' lang='lat' dir='ltr'><strong>qui</strong></span> <span class='ocrx_word' id='word_1_130' title='bbox 1863 1432 2077 1508; x_wconf 88' lang='lat' dir='ltr'><strong>eramus&#39;dc·</strong></span> 
     </span>
    </p>

    <p class='ocr_par' dir='ltr' id='par_1_8' title="bbox 57 1529 1484 1630">
     <span class='ocr_line' id='line_1_12' title="bbox 57 1529 1484 1630; baseline -0.006 -14"><span class='ocrx_word' id='word_1_131' title='bbox 57 1545 120 1616; x_wconf 82' lang='lat' dir='ltr'><strong>cios</strong></span> <span class='ocrx_word' id='word_1_132' title='bbox 135 1542 344 1614; x_wconf 85' lang='lat' dir='ltr'><strong>animum-ad</strong></span> <span class='ocrx_word' id='word_1_133' title='bbox 371 1538 474 1610; x_wconf 87' lang='lat' dir='ltr'><strong>mitia</strong></span> <span class='ocrx_word' id='word_1_134' title='bbox 493 1535 641 1608; x_wconf 85' lang='lat' dir='ltr'><strong>consilia</strong></span> <span class='ocrx_word' id='word_1_135' title='bbox 663 1533 792 1616; x_wconf 85' lang='lat' dir='ltr'><strong>flectit,</strong></span> <span class='ocrx_word' id='word_1_136' title='bbox 816 1547 853 1604; x_wconf 90' lang='lat' dir='ltr'><strong>et</strong></span> <span class='ocrx_word' id='word_1_137' title='bbox 872 1533 943 1624; x_wconf 89' lang='lat' dir='ltr'><strong>ipsi</strong></span> <span class='ocrx_word' id='word_1_138' title='bbox 961 1529 1034 1602; x_wconf 89' lang='lat' dir='ltr'><strong>lm-</strong></span> <span class='ocrx_word' id='word_1_139' title='bbox 1084 1535 1165 1608; x_wconf 88' lang='lat' dir='ltr'><strong>lecti</strong></span> <span class='ocrx_word' id='word_1_140' title='bbox 1180 1554 1222 1608; x_wconf 85' lang='lat' dir='ltr'><strong>er</strong></span> <span class='ocrx_word' id='word_1_141' title='bbox 1236 1547 1358 1608; x_wconf 83' lang='lat' dir='ltr'><strong>nostra</strong></span> <span class='ocrx_word' id='word_1_142' title='bbox 1373 1551 1484 1630; x_wconf 89' lang='lat' dir='ltr'><strong>parte.</strong></span> 
     </span>
    </p>

    <p class='ocr_par' dir='ltr' id='par_1_9' title="bbox 58 1635 2078 1736">
     <span class='ocr_line' id='line_1_13' title="bbox 58 1635 2078 1736; baseline -0.005 -21"><span class='ocrx_word' id='word_1_143' title='bbox 58 1643 195 1736; x_wconf 87' lang='lat' dir='ltr'><strong>peratori</strong></span> <span class='ocrx_word' id='word_1_144' title='bbox 209 1639 373 1714; x_wconf 78' lang='lat' dir='ltr'><strong>babmda</strong></span> <span class='ocrx_word' id='word_1_145' title='bbox 386 1654 438 1710; x_wconf 88' lang='lat' dir='ltr'><strong>est</strong></span> <span class='ocrx_word' id='word_1_146' title='bbox 452 1639 585 1730; x_wconf 85' lang='lat' dir='ltr'><strong>gratia,</strong></span> <span class='ocrx_word' id='word_1_147' title='bbox 607 1637 706 1731; x_wconf 86' lang='lat' dir='ltr'><strong>quod</strong></span> <span class='ocrx_word' id='word_1_148' title='bbox 721 1657 806 1706; x_wconf 80' lang='lat' dir='ltr'><strong>eoae</strong></span> <span class='ocrx_word' id='word_1_149' title='bbox 827 1636 948 1726; x_wconf 84' lang='lat' dir='ltr'><strong>potius</strong></span> <span class='ocrx_word' id='word_1_150' title='bbox 968 1635 1033 1704; x_wconf 93' lang='lat' dir='ltr'><strong>bo-</strong></span> <span class='ocrx_word' id='word_1_151' title='bbox 1185 1637 1356 1712; x_wconf 86' lang='lat' dir='ltr'><strong>Videram</strong></span> <span class='ocrx_word' id='word_1_152' title='bbox 1377 1639 1478 1732; x_wconf 84' lang='lat' dir='ltr'><strong>pingi</strong></span> <span class='ocrx_word' id='word_1_153' title='bbox 1489 1635 1701 1726; x_wconf 84' lang='lat' dir='ltr'><strong>Ecclesiam,</strong></span> <span class='ocrx_word' id='word_1_154' title='bbox 1723 1637 1822 1708; x_wconf 88' lang='lat' dir='ltr'><strong>velut</strong></span> <span class='ocrx_word' id='word_1_155' title='bbox 1841 1657 1991 1726; x_wconf 90' lang='lat' dir='ltr'><strong>regnum</strong></span> <span class='ocrx_word' id='word_1_156' title='bbox 2011 1657 2078 1724; x_wconf 85' lang='lat' dir='ltr'><strong>po-</strong></span> 
     </span>
    </p>

    <p class='ocr_par' dir='ltr' id='par_1_10' title="bbox 58 1737 2077 1838">
     <span class='ocr_line' id='line_1_14' title="bbox 58 1737 2077 1838; baseline -0.005 -22"><span class='ocrx_word' id='word_1_157' title='bbox 58 1743 164 1828; x_wconf 71' lang='lat' dir='ltr'><strong>rtasti,</strong></span> <span class='ocrx_word' id='word_1_158' title='bbox 194 1767 304 1838; x_wconf 86' lang='lat' dir='ltr'><strong>quam</strong></span> <span class='ocrx_word' id='word_1_159' title='bbox 328 1741 457 1812; x_wconf 83' lang='lat' dir='ltr'><strong>alicnis</strong></span> <span class='ocrx_word' id='word_1_160' title='bbox 483 1741 597 1825; x_wconf 87' lang='lat' dir='ltr'><strong>odiis,</strong></span> <span class='ocrx_word' id='word_1_161' title='bbox 632 1759 770 1808; x_wconf 85' lang='lat' dir='ltr'><strong>morem</strong></span> <span class='ocrx_word' id='word_1_162' title='bbox 790 1737 897 1826; x_wconf 83' lang='lat' dir='ltr'><strong>gerit,</strong></span> <span class='ocrx_word' id='word_1_163' title='bbox 936 1738 1031 1828; x_wconf 88' lang='lat' dir='ltr'><strong>quod</strong></span> <span class='ocrx_word' id='word_1_164' title='bbox 1084 1741 1232 1812; x_wconf 79' lang='lat' dir='ltr'><strong>liticam.</strong></span> <span class='ocrx_word' id='word_1_165' title='bbox 1288 1738 1337 1812; x_wconf 91' lang='lat' dir='ltr'><strong>Et</strong></span> <span class='ocrx_word' id='word_1_166' title='bbox 1369 1755 1471 1812; x_wconf 87' lang='lat' dir='ltr'><strong>erant</strong></span> <span class='ocrx_word' id='word_1_167' title='bbox 1502 1741 1543 1810; x_wconf 89' lang='lat' dir='ltr'><strong>in</strong></span> <span class='ocrx_word' id='word_1_168' title='bbox 1576 1739 1874 1831; x_wconf 86' lang='lat' dir='ltr'><strong>descriptionibus</strong></span> <span class='ocrx_word' id='word_1_169' title='bbox 1903 1737 2077 1832; x_wconf 88' lang='lat' dir='ltr'><strong>quaedam</strong></span> 
     </span>
    </p>

    <p class='ocr_par' dir='ltr' id='par_1_11' title="bbox 57 1835 2077 1936">
     <span class='ocr_line' id='line_1_15' title="bbox 57 1835 2077 1936; baseline -0.002 -22"><span class='ocrx_word' id='word_1_170' title='bbox 57 1859 136 1918; x_wconf 85' lang='lat' dir='ltr'><strong>vetat</strong></span> <span class='ocrx_word' id='word_1_171' title='bbox 156 1869 253 1916; x_wconf 87' lang='lat' dir='ltr'><strong>arma</strong></span> <span class='ocrx_word' id='word_1_172' title='bbox 285 1843 412 1914; x_wconf 71' lang='lat' dir='ltr'><strong>inferri</strong></span> <span class='ocrx_word' id='word_1_173' title='bbox 434 1839 575 1912; x_wconf 86' lang='lat' dir='ltr'><strong>Patriae</strong></span> <span class='ocrx_word' id='word_1_174' title='bbox 607 1851 643 1911; x_wconf 86' lang='lat' dir='ltr'><strong>et</strong></span> <span class='ocrx_word' id='word_1_175' title='bbox 665 1835 850 1923; x_wconf 86' lang='lat' dir='ltr'><strong>Ecclesiis,</strong></span> <span class='ocrx_word' id='word_1_176' title='bbox 881 1837 1034 1930; x_wconf 84' lang='lat' dir='ltr'><strong>denique</strong></span> <span class='ocrx_word' id='word_1_177' title='bbox 1085 1865 1193 1936; x_wconf 86' lang='lat' dir='ltr'><strong>quae,</strong></span> <span class='ocrx_word' id='word_1_178' title='bbox 1229 1866 1433 1936; x_wconf 85' lang='lat' dir='ltr'><strong>quanquam</strong></span> <span class='ocrx_word' id='word_1_179' title='bbox 1467 1843 1642 1928; x_wconf 82' lang='lat' dir='ltr'><strong>fremens,</strong></span> <span class='ocrx_word' id='word_1_180' title='bbox 1679 1839 1914 1934; x_wconf 89' lang='lat' dir='ltr'><strong>praeteriham</strong></span> <span class='ocrx_word' id='word_1_181' title='bbox 1947 1849 2077 1910; x_wconf 80' lang='lat' dir='ltr'><strong>nmen.</strong></span> 
     </span>
    </p>

    <p class='ocr_par' dir='ltr' id='par_1_12' title="bbox 37 1933 2077 2040">
     <span class='ocr_line' id='line_1_16' title="bbox 37 1933 2077 2040; baseline -0.004 -24"><span class='ocrx_word' id='word_1_182' title='bbox 37 1949 136 2040; x_wconf 67' lang='lat' dir='ltr'><strong>‘quod</strong></span> <span class='ocrx_word' id='word_1_183' title='bbox 153 1947 196 2016; x_wconf 85' lang='lat' dir='ltr'><strong>da</strong></span> <span class='ocrx_word' id='word_1_184' title='bbox 212 1941 269 2018; x_wconf 87' lang='lat' dir='ltr'><strong>his</strong></span> <span class='ocrx_word' id='word_1_185' title='bbox 283 1943 535 2016; x_wconf 78' lang='lat' dir='ltr'><strong>controversiis</strong></span> <span class='ocrx_word' id='word_1_186' title='bbox 549 1937 797 2014; x_wconf 80' lang='lat' dir='ltr'><strong>Ecclesiastico</strong></span> <span class='ocrx_word' id='word_1_187' title='bbox 818 1963 918 2010; x_wconf 89' lang='lat' dir='ltr'><strong>more</strong></span> <span class='ocrx_word' id='word_1_188' title='bbox 943 1939 1034 2008; x_wconf 88' lang='lat' dir='ltr'><strong>deli·</strong></span> <span class='ocrx_word' id='word_1_189' title='bbox 1083 1944 1176 2016; x_wconf 92' lang='lat' dir='ltr'><strong>Cum</strong></span> <span class='ocrx_word' id='word_1_190' title='bbox 1192 1933 1339 2014; x_wconf 79' lang='lat' dir='ltr'><strong>ventum</strong></span> <span class='ocrx_word' id='word_1_191' title='bbox 1352 1958 1441 2014; x_wconf 89' lang='lat' dir='ltr'><strong>esset</strong></span> <span class='ocrx_word' id='word_1_192' title='bbox 1455 1946 1501 2015; x_wconf 89' lang='lat' dir='ltr'><strong>ad</strong></span> <span class='ocrx_word' id='word_1_193' title='bbox 1516 1945 1634 2014; x_wconf 87' lang='lat' dir='ltr'><strong>locum</strong></span> <span class='ocrx_word' id='word_1_194' title='bbox 1652 1945 1695 2014; x_wconf 91' lang='lat' dir='ltr'><strong>de</strong></span> <span class='ocrx_word' id='word_1_195' title='bbox 1711 1953 1881 2034; x_wconf 89' lang='lat' dir='ltr'><strong>potestate</strong></span> <span class='ocrx_word' id='word_1_196' title='bbox 1901 1940 2077 2029; x_wconf 89' lang='lat' dir='ltr'><strong>interpre-</strong></span> 
     </span>
    </p>

    <p class='ocr_par' dir='ltr' id='par_1_13' title="bbox 55 2040 2077 2140">
     <span class='ocr_line' id='line_1_17' title="bbox 55 2040 2077 2140; baseline -0.006 -20"><span class='ocrx_word' id='word_1_197' title='bbox 55 2047 239 2120; x_wconf 87' lang='lat' dir='ltr'><strong>becationes</strong></span> <span class='ocrx_word' id='word_1_198' title='bbox 254 2045 422 2120; x_wconf 82' lang='lat' dir='ltr'><strong>instituit.</strong></span> <span class='ocrx_word' id='word_1_199' title='bbox 451 2041 550 2116; x_wconf 87' lang='lat' dir='ltr'><strong>Haeo</strong></span> <span class='ocrx_word' id='word_1_200' title='bbox 565 2041 763 2114; x_wconf 75' lang='lat' dir='ltr'><strong>moderatio</strong></span> <span class='ocrx_word' id='word_1_201' title='bbox 779 2063 861 2112; x_wconf 84' lang='lat' dir='ltr'><strong>eum</strong></span> <span class='ocrx_word' id='word_1_202' title='bbox 874 2040 914 2108; x_wconf 85' lang='lat' dir='ltr'><strong>in</strong></span> <span class='ocrx_word' id='word_1_203' title='bbox 932 2061 1034 2132; x_wconf 80' lang='lat' dir='ltr'><strong>pree-</strong></span> <span class='ocrx_word' id='word_1_204' title='bbox 1085 2047 1212 2116; x_wconf 87' lang='lat' dir='ltr'><strong>tandse</strong></span> <span class='ocrx_word' id='word_1_205' title='bbox 1228 2046 1440 2136; x_wconf 87' lang='lat' dir='ltr'><strong>scripturae,</strong></span> <span class='ocrx_word' id='word_1_206' title='bbox 1464 2047 1540 2116; x_wconf 83' lang='lat' dir='ltr'><strong>vidi</strong></span> <span class='ocrx_word' id='word_1_207' title='bbox 1558 2067 1646 2140; x_wconf 88' lang='lat' dir='ltr'><strong>quae</strong></span> <span class='ocrx_word' id='word_1_208' title='bbox 1667 2045 1896 2116; x_wconf 79' lang='lat' dir='ltr'><strong>fundamenta</strong></span> <span class='ocrx_word' id='word_1_209' title='bbox 1916 2042 2077 2118; x_wconf 78' lang='lat' dir='ltr'><strong>iaceren-</strong></span> 
     </span>
    </p>

    <p class='ocr_par' dir='ltr' id='par_1_14' title="bbox 55 2139 2077 2234">
     <span class='ocr_line' id='line_1_18' title="bbox 55 2139 2077 2234; baseline -0.005 -14"><span class='ocrx_word' id='word_1_210' title='bbox 55 2148 333 2222; x_wconf 85' lang='lat' dir='ltr'><strong>seatiasalutan&#39;s</strong></span> <span class='ocrx_word' id='word_1_211' title='bbox 350 2159 426 2232; x_wconf 85' lang='lat' dir='ltr'><strong>est,</strong></span> <span class='ocrx_word' id='word_1_212' title='bbox 450 2158 528 2218; x_wconf 89' lang='lat' dir='ltr'><strong>tum</strong></span> <span class='ocrx_word' id='word_1_213' title='bbox 548 2167 634 2216; x_wconf 85' lang='lat' dir='ltr'><strong>vero</strong></span> <span class='ocrx_word' id='word_1_214' title='bbox 652 2142 792 2232; x_wconf 79' lang='lat' dir='ltr'><strong>magnis</strong></span> <span class='ocrx_word' id='word_1_215' title='bbox 805 2140 1035 2234; x_wconf 82' lang='lat' dir='ltr'><strong>Principibus</strong></span> <span class='ocrx_word' id='word_1_216' title='bbox 1085 2157 1145 2218; x_wconf 87' lang='lat' dir='ltr'><strong>tur</strong></span> <span class='ocrx_word' id='word_1_217' title='bbox 1166 2147 1462 2218; x_wconf 86' lang='lat' dir='ltr'><strong>stabiliendorum</strong></span> <span class='ocrx_word' id='word_1_218' title='bbox 1492 2149 1728 2218; x_wconf 74' lang='lat' dir='ltr'><strong>nranimorum</strong></span> <span class='ocrx_word' id='word_1_219' title='bbox 1753 2147 1924 2216; x_wconf 81' lang='lat' dir='ltr'><strong>errorum.</strong></span> <span class='ocrx_word' id='word_1_220' title='bbox 1987 2139 2077 2210; x_wconf 81' lang='lat' dir='ltr'><strong>&#39;Pria</strong></span> 
     </span>
    </p>

    <p class='ocr_par' dir='ltr' id='par_1_15' title="bbox 55 2238 2076 2342">
     <span class='ocr_line' id='line_1_19' title="bbox 55 2238 2076 2342; baseline -0.008 -17"><span class='ocrx_word' id='word_1_221' title='bbox 55 2249 341 2342; x_wconf 78' lang='lat' dir='ltr'><strong>adpesteritatem</strong></span> <span class='ocrx_word' id='word_1_222' title='bbox 353 2247 514 2340; x_wconf 77' lang='lat' dir='ltr'><strong>exemplo</strong></span> <span class='ocrx_word' id='word_1_223' title='bbox 529 2245 608 2331; x_wconf 85' lang='lat' dir='ltr'><strong>erit,</strong></span> <span class='ocrx_word' id='word_1_224' title='bbox 632 2257 684 2330; x_wconf 89' lang='lat' dir='ltr'><strong>ut,</strong></span> <span class='ocrx_word' id='word_1_225' title='bbox 704 2244 812 2314; x_wconf 87' lang='lat' dir='ltr'><strong>motis</strong></span> <span class='ocrx_word' id='word_1_226' title='bbox 827 2257 1035 2315; x_wconf 84' lang='lat' dir='ltr'><strong>controver·</strong></span> <span class='ocrx_word' id='word_1_227' title='bbox 1085 2249 1182 2320; x_wconf 89' lang='lat' dir='ltr'><strong>enim</strong></span> <span class='ocrx_word' id='word_1_228' title='bbox 1207 2249 1453 2340; x_wconf 88' lang='lat' dir='ltr'><strong>complectitur</strong></span> <span class='ocrx_word' id='word_1_229' title='bbox 1484 2249 1666 2328; x_wconf 80' lang='lat' dir='ltr'><strong>articulus.</strong></span> <span class='ocrx_word' id='word_1_230' title='bbox 1721 2245 1884 2316; x_wconf 87' lang='lat' dir='ltr'><strong>Primum</strong></span> <span class='ocrx_word' id='word_1_231' title='bbox 1917 2238 2076 2312; x_wconf 86' lang='lat' dir='ltr'><strong>humano</strong></span> 
     </span>
    </p>

    <p class='ocr_par' dir='ltr' id='par_1_16' title="bbox 53 2346 2078 2444">
     <span class='ocr_line' id='line_1_20' title="bbox 53 2346 2078 2444; baseline -0.005 -23"><span class='ocrx_word' id='word_1_232' title='bbox 53 2353 122 2436; x_wconf 89' lang='lat' dir='ltr'><strong>siis,</strong></span> <span class='ocrx_word' id='word_1_233' title='bbox 150 2351 340 2444; x_wconf 87' lang='lat' dir='ltr'><strong>inquirant</strong></span> <span class='ocrx_word' id='word_1_234' title='bbox 362 2351 497 2433; x_wconf 82' lang='lat' dir='ltr'><strong>fontes,</strong></span> <span class='ocrx_word' id='word_1_235' title='bbox 527 2346 677 2418; x_wconf 89' lang='lat' dir='ltr'><strong>audiant</strong></span> <span class='ocrx_word' id='word_1_236' title='bbox 697 2346 875 2414; x_wconf 89' lang='lat' dir='ltr'><strong>bonorum</strong></span> <span class='ocrx_word' id='word_1_237' title='bbox 899 2356 935 2413; x_wconf 86' lang='lat' dir='ltr'><strong>et</strong></span> <span class='ocrx_word' id='word_1_238' title='bbox 955 2367 1035 2414; x_wconf 89' lang='lat' dir='ltr'><strong>mo·</strong></span> <span class='ocrx_word' id='word_1_239' title='bbox 1085 2373 1184 2420; x_wconf 88' lang='lat' dir='ltr'><strong>more</strong></span> <span class='ocrx_word' id='word_1_240' title='bbox 1199 2350 1385 2421; x_wconf 90' lang='lat' dir='ltr'><strong>constituit</strong></span> <span class='ocrx_word' id='word_1_241' title='bbox 1408 2349 1445 2419; x_wconf 91' lang='lat' dir='ltr'><strong>in</strong></span> <span class='ocrx_word' id='word_1_242' title='bbox 1461 2347 1617 2421; x_wconf 87' lang='lat' dir='ltr'><strong>Ecclesia</strong></span> <span class='ocrx_word' id='word_1_243' title='bbox 1640 2361 1845 2442; x_wconf 88' lang='lat' dir='ltr'><strong>potestatem</strong></span> <span class='ocrx_word' id='word_1_244' title='bbox 1864 2347 2078 2435; x_wconf 81' lang='lat' dir='ltr'><strong>interpreta-</strong></span> 
     </span>
    </p>

    <p class='ocr_par' dir='ltr' id='par_1_17' title="bbox 47 2443 2082 3456">
     <span class='ocr_line' id='line_1_21' title="bbox 55 2443 2078 2543; baseline -0.005 -17"><span class='ocrx_word' id='word_1_245' title='bbox 55 2455 243 2524; x_wconf 80' lang='lat' dir='ltr'><strong>tenorum</strong></span> <span class='ocrx_word' id='word_1_246' title='bbox 262 2451 412 2536; x_wconf 70' lang='lat' dir='ltr'><strong>italicis,</strong></span> <span class='ocrx_word' id='word_1_247' title='bbox 434 2473 512 2520; x_wconf 85' lang='lat' dir='ltr'><strong>nou</strong></span> <span class='ocrx_word' id='word_1_248' title='bbox 533 2447 651 2518; x_wconf 69' lang='lat' dir='ltr'><strong>statim</strong></span> <span class='ocrx_word' id='word_1_249' title='bbox 675 2448 922 2536; x_wconf 69' lang='lat' dir='ltr'><strong>obtemperent</strong></span> <span class='ocrx_word' id='word_1_250' title='bbox 936 2443 1035 2514; x_wconf 83' lang='lat' dir='ltr'><strong>Pon·</strong></span> <span class='ocrx_word' id='word_1_251' title='bbox 1085 2451 1213 2532; x_wconf 88' lang='lat' dir='ltr'><strong>tionis,</strong></span> <span class='ocrx_word' id='word_1_252' title='bbox 1238 2453 1494 2543; x_wconf 87' lang='lat' dir='ltr'><strong>propemodum</strong></span> <span class='ocrx_word' id='word_1_253' title='bbox 1513 2465 1551 2523; x_wconf 89' lang='lat' dir='ltr'><strong>ut</strong></span> <span class='ocrx_word' id='word_1_254' title='bbox 1569 2455 1612 2521; x_wconf 92' lang='lat' dir='ltr'><strong>de</strong></span> <span class='ocrx_word' id='word_1_255' title='bbox 1632 2449 1807 2542; x_wconf 89' lang='lat' dir='ltr'><strong>praetoria</strong></span> <span class='ocrx_word' id='word_1_256' title='bbox 1830 2457 1998 2540; x_wconf 88' lang='lat' dir='ltr'><strong>potestate</strong></span> <span class='ocrx_word' id='word_1_257' title='bbox 2021 2445 2078 2514; x_wconf 86' lang='lat' dir='ltr'><strong>in-</strong></span> 
     </span>
     <span class='ocr_line' id='line_1_22' title="bbox 53 2544 2082 2644; baseline -0.006 -22"><span class='ocrx_word' id='word_1_258' title='bbox 53 2554 173 2624; x_wconf 86' lang='lat' dir='ltr'><strong>tilicum</strong></span> <span class='ocrx_word' id='word_1_259' title='bbox 188 2552 414 2636; x_wconf 86' lang='lat' dir='ltr'><strong>iracundiae,</strong></span> <span class='ocrx_word' id='word_1_260' title='bbox 437 2551 500 2644; x_wconf 90' lang='lat' dir='ltr'><strong>qui</strong></span> <span class='ocrx_word' id='word_1_261' title='bbox 520 2549 693 2618; x_wconf 82' lang='lat' dir='ltr'><strong>dimicant</strong></span> <span class='ocrx_word' id='word_1_262' title='bbox 713 2569 788 2616; x_wconf 83' lang='lat' dir='ltr'><strong>non</strong></span> <span class='ocrx_word' id='word_1_263' title='bbox 810 2549 857 2616; x_wconf 90' lang='lat' dir='ltr'><strong>dc</strong></span> <span class='ocrx_word' id='word_1_264' title='bbox 871 2544 1035 2638; x_wconf 84' lang='lat' dir='ltr'><strong>Evange-</strong></span> <span class='ocrx_word' id='word_1_265' title='bbox 1085 2555 1392 2644; x_wconf 61' lang='lat' dir='ltr'><strong>temperandarum</strong></span> <span class='ocrx_word' id='word_1_266' title='bbox 1427 2553 1544 2642; x_wconf 74' lang='lat' dir='ltr'><strong>legum</strong></span> <span class='ocrx_word' id='word_1_267' title='bbox 1577 2549 1823 2623; x_wconf 71' lang='lat' dir='ltr'><strong>Iurisconsulti</strong></span> <span class='ocrx_word' id='word_1_268' title='bbox 1862 2549 2082 2642; x_wconf 56' lang='lat' dir='ltr'><strong>loquuntur·r</strong></span> 
     </span>
     <span class='ocr_line' id='line_1_23' title="bbox 53 2645 2078 2745; baseline -0.012 -5"><span class='ocrx_word' id='word_1_269' title='bbox 53 2655 93 2724; x_wconf 69' lang='lat'><strong>¹3⁰</strong></span> <span class='ocrx_word' id='word_1_270' title='bbox 114 2653 300 2739; x_wconf 66' lang='lat' dir='ltr'><strong>Flfillltls</strong></span> <span class='ocrx_word' id='word_1_271' title='bbox 332 2677 407 2722; x_wconf 76' lang='lat' dir='ltr'><strong>¹¹⁰ss</strong></span> <span class='ocrx_word' id='word_1_272' title='bbox 433 2655 478 2721; x_wconf 65' lang='lat' dir='ltr'><strong>de</strong></span> <span class='ocrx_word' id='word_1_273' title='bbox 499 2645 881 2732; x_wconf 62' lang='lat' dir='ltr'><strong>Salulesstclesslflltiffl&#39;s</strong></span> <span class='ocrx_word' id='word_1_274' title='bbox 906 2649 967 2716; x_wconf 63' lang='lat' dir='ltr'><strong>ted</strong></span> <span class='ocrx_word' id='word_1_275' title='bbox 990 2649 1034 2716; x_wconf 71' lang='lat' dir='ltr'><strong>do</strong></span> <span class='ocrx_word' id='word_1_276' title='bbox 1086 2655 1217 2724; x_wconf 89' lang='lat' dir='ltr'><strong>deinde</strong></span> <span class='ocrx_word' id='word_1_277' title='bbox 1237 2653 1338 2725; x_wconf 84' lang='lat' dir='ltr'><strong>addit</strong></span> <span class='ocrx_word' id='word_1_278' title='bbox 1361 2653 1533 2745; x_wconf 89' lang='lat' dir='ltr'><strong>amplius,</strong></span> <span class='ocrx_word' id='word_1_279' title='bbox 1572 2677 1647 2724; x_wconf 89' lang='lat' dir='ltr'><strong>non</strong></span> <span class='ocrx_word' id='word_1_280' title='bbox 1669 2653 1774 2722; x_wconf 85' lang='lat' dir='ltr'><strong>licere</strong></span> <span class='ocrx_word' id='word_1_281' title='bbox 1799 2651 1966 2744; x_wconf 80' lang='lat' dir='ltr'><strong>privatis,</strong></span> <span class='ocrx_word' id='word_1_282' title='bbox 2003 2669 2078 2718; x_wconf 87' lang='lat' dir='ltr'><strong>non</strong></span> 
     </span>
     <span class='ocr_line' id='line_1_24' title="bbox 50 2749 2079 2848; baseline -0.012 -6"><span class='ocrx_word' id='word_1_283' title='bbox 50 2757 293 2848; x_wconf 54' lang='lat' dir='ltr'><strong>memmio,</strong></span> <span class='ocrx_word' id='word_1_284' title='bbox 318 2756 362 2826; x_wconf 67' lang='lat' dir='ltr'><strong>(lt</strong></span> <span class='ocrx_word' id='word_1_285' title='bbox 386 2754 459 2824; x_wconf 69' lang='lat' dir='ltr'><strong>tuit</strong></span> <span class='ocrx_word' id='word_1_286' title='bbox 478 2752 608 2844; x_wconf 76' lang='lat' dir='ltr'><strong>opibus</strong></span> <span class='ocrx_word' id='word_1_287' title='bbox 629 2763 664 2820; x_wconf 84' lang='lat' dir='ltr'><strong>et</strong></span> <span class='ocrx_word' id='word_1_288' title='bbox 683 2773 746 2820; x_wconf 82' lang='lat' dir='ltr'><strong>eoo</strong></span> <span class='ocrx_word' id='word_1_289' title='bbox 768 2749 1034 2840; x_wconf 85' lang='lat' dir='ltr'><strong>tranquillitate.</strong></span> <span class='ocrx_word' id='word_1_290' title='bbox 1086 2755 1313 2847; x_wconf 87' lang='lat' dir='ltr'><strong>paucioribus</strong></span> <span class='ocrx_word' id='word_1_291' title='bbox 1338 2751 1595 2847; x_wconf 87' lang='lat' dir='ltr'><strong>reprehendere</strong></span> <span class='ocrx_word' id='word_1_292' title='bbox 1623 2751 1753 2824; x_wconf 88' lang='lat' dir='ltr'><strong>iudicia</strong></span> <span class='ocrx_word' id='word_1_293' title='bbox 1786 2749 1934 2822; x_wconf 84' lang='lat' dir='ltr'><strong>maioris</strong></span> <span class='ocrx_word' id='word_1_294' title='bbox 1958 2750 2079 2841; x_wconf 82' lang='lat' dir='ltr'><strong>partis,</strong></span> 
     </span>
     <span class='ocr_line' id='line_1_25' title="bbox 51 2843 2078 2948; baseline -0.002 -24"><span class='ocrx_word' id='word_1_295' title='bbox 51 2854 224 2930; x_wconf 80' lang='lat' dir='ltr'><strong>Moderata</strong></span> <span class='ocrx_word' id='word_1_296' title='bbox 249 2855 448 2946; x_wconf 72' lang='lat' dir='ltr'><strong>imperetur</strong></span> <span class='ocrx_word' id='word_1_297' title='bbox 474 2847 600 2924; x_wconf 75' lang='lat' dir='ltr'><strong>et-hoc</strong></span> <span class='ocrx_word' id='word_1_298' title='bbox 621 2851 725 2936; x_wconf 64' lang='lat' dir='ltr'><strong>feeit,</strong></span> <span class='ocrx_word' id='word_1_299' title='bbox 759 2851 856 2942; x_wconf 72' lang='lat' dir='ltr'><strong>qued</strong></span> <span class='ocrx_word' id='word_1_300' title='bbox 881 2873 961 2920; x_wconf 69' lang='lat' dir='ltr'><strong>mm</strong></span> <span class='ocrx_word' id='word_1_301' title='bbox 988 2850 1035 2920; x_wconf 78' lang='lat' dir='ltr'><strong>li·-</strong></span> <span class='ocrx_word' id='word_1_302' title='bbox 1087 2875 1147 2927; x_wconf 84' lang='lat' dir='ltr'><strong>seu</strong></span> <span class='ocrx_word' id='word_1_303' title='bbox 1171 2854 1584 2947; x_wconf 80' lang='lat' dir='ltr'><strong>dissentireasullragiis</strong></span> <span class='ocrx_word' id='word_1_304' title='bbox 1604 2855 1855 2948; x_wconf 87' lang='lat' dir='ltr'><strong>plurimorum.</strong></span> <span class='ocrx_word' id='word_1_305' title='bbox 1906 2843 2002 2922; x_wconf 82' lang='lat' dir='ltr'><strong>Hinc</strong></span> <span class='ocrx_word' id='word_1_306' title='bbox 2025 2851 2078 2920; x_wconf 87' lang='lat' dir='ltr'><strong>el-</strong></span> 
     </span>
     <span class='ocr_line' id='line_1_26' title="bbox 49 2951 2078 3052; baseline -0.002 -28"><span class='ocrx_word' id='word_1_307' title='bbox 49 2959 141 3030; x_wconf 81' lang='lat' dir='ltr'><strong>heum</strong></span> <span class='ocrx_word' id='word_1_308' title='bbox 155 2958 420 3052; x_wconf 85' lang='lat' dir='ltr'><strong>proposuisset,</strong></span> <span class='ocrx_word' id='word_1_309' title='bbox 445 2955 508 3048; x_wconf 86' lang='lat' dir='ltr'><strong>qui</strong></span> <span class='ocrx_word' id='word_1_310' title='bbox 532 2954 712 3025; x_wconf 86' lang='lat' dir='ltr'><strong>videratur</strong></span> <span class='ocrx_word' id='word_1_311' title='bbox 736 2953 781 3021; x_wconf 89' lang='lat' dir='ltr'><strong>ad</strong></span> <span class='ocrx_word' id='word_1_312' title='bbox 806 2951 1035 3038; x_wconf 83' lang='lat' dir='ltr'><strong>concordiam</strong></span> <span class='ocrx_word' id='word_1_313' title='bbox 1086 2957 1160 3028; x_wconf 87' lang='lat' dir='ltr'><strong>licit</strong></span> <span class='ocrx_word' id='word_1_314' title='bbox 1174 2969 1370 3049; x_wconf 90' lang='lat' dir='ltr'><strong>postremo,</strong></span> <span class='ocrx_word' id='word_1_315' title='bbox 1395 2958 1572 3028; x_wconf 88' lang='lat' dir='ltr'><strong>maiorum</strong></span> <span class='ocrx_word' id='word_1_316' title='bbox 1588 2957 1817 3052; x_wconf 80' lang='lat' dir='ltr'><strong>synodorum</strong></span> <span class='ocrx_word' id='word_1_317' title='bbox 1838 2953 2023 3025; x_wconf 82' lang='lat' dir='ltr'><strong>sententiis</strong></span> <span class='ocrx_word' id='word_1_318' title='bbox 2043 2967 2078 3021; x_wconf 91' lang='lat' dir='ltr'><strong>et</strong></span> 
     </span>
     <span class='ocr_line' id='line_1_27' title="bbox 48 3051 2079 3152; baseline -0.008 -11"><span class='ocrx_word' id='word_1_319' title='bbox 48 3057 107 3132; x_wconf 71' lang='lat' dir='ltr'><strong>litt</strong></span> <span class='ocrx_word' id='word_1_320' title='bbox 117 3075 340 3140; x_wconf 67' lang='lat' dir='ltr'><strong>monstrate,</strong></span> <span class='ocrx_word' id='word_1_321' title='bbox 364 3070 484 3130; x_wconf 71' lang='lat' dir='ltr'><strong>umen</strong></span> <span class='ocrx_word' id='word_1_322' title='bbox 500 3077 648 3148; x_wconf 77' lang='lat' dir='ltr'><strong>aequam</strong></span> <span class='ocrx_word' id='word_1_323' title='bbox 669 3051 913 3123; x_wconf 85' lang='lat' dir='ltr'><strong>conditionem</strong></span> <span class='ocrx_word' id='word_1_324' title='bbox 936 3053 1035 3124; x_wconf 88' lang='lat' dir='ltr'><strong>adie-</strong></span> <span class='ocrx_word' id='word_1_325' title='bbox 1086 3059 1233 3130; x_wconf 85' lang='lat' dir='ltr'><strong>decretis</strong></span> <span class='ocrx_word' id='word_1_326' title='bbox 1248 3061 1445 3152; x_wconf 88' lang='lat' dir='ltr'><strong>parendum</strong></span> <span class='ocrx_word' id='word_1_327' title='bbox 1466 3081 1552 3135; x_wconf 87' lang='lat' dir='ltr'><strong>esse.</strong></span> <span class='ocrx_word' id='word_1_328' title='bbox 1601 3055 1690 3130; x_wconf 89' lang='lat' dir='ltr'><strong>Inde</strong></span> <span class='ocrx_word' id='word_1_329' title='bbox 1715 3059 1820 3128; x_wconf 88' lang='lat' dir='ltr'><strong>etiam</strong></span> <span class='ocrx_word' id='word_1_330' title='bbox 1842 3053 2079 3126; x_wconf 86' lang='lat' dir='ltr'><strong>contendebat</strong></span> 
     </span>
     <span class='ocr_line' id='line_1_28' title="bbox 49 3153 2078 3256; baseline -0.012 -9"><span class='ocrx_word' id='word_1_331' title='bbox 49 3160 106 3246; x_wconf 87' lang='lat' dir='ltr'><strong>cit,</strong></span> <span class='ocrx_word' id='word_1_332' title='bbox 129 3176 172 3234; x_wconf 66' lang='lat' dir='ltr'><strong>*tl</strong></span> <span class='ocrx_word' id='word_1_333' title='bbox 188 3163 352 3232; x_wconf 69' lang='lat' dir='ltr'><strong>liberum</strong></span> <span class='ocrx_word' id='word_1_334' title='bbox 373 3171 464 3230; x_wconf 58' lang='lat' dir='ltr'><strong>0⁸⁸ss</strong></span> <span class='ocrx_word' id='word_1_335' title='bbox 486 3157 620 3242; x_wconf 80' lang='lat' dir='ltr'><strong>dicem,</strong></span> <span class='ocrx_word' id='word_1_336' title='bbox 645 3155 741 3248; x_wconf 72' lang='lat' dir='ltr'><strong>qued</strong></span> <span class='ocrx_word' id='word_1_337' title='bbox 758 3153 908 3248; x_wconf 70' lang='lat' dir='ltr'><strong>quisque</strong></span> <span class='ocrx_word' id='word_1_338' title='bbox 924 3153 1035 3224; x_wconf 73' lang='lat' dir='ltr'><strong>teoti-</strong></span> <span class='ocrx_word' id='word_1_339' title='bbox 1086 3155 1242 3242; x_wconf 82' lang='lat' dir='ltr'><strong>Eccius,</strong></span> <span class='ocrx_word' id='word_1_340' title='bbox 1272 3159 1448 3256; x_wconf 79' lang='lat' dir='ltr'><strong>Synodos,</strong></span> <span class='ocrx_word' id='word_1_341' title='bbox 1476 3183 1566 3255; x_wconf 89' lang='lat' dir='ltr'><strong>quae</strong></span> <span class='ocrx_word' id='word_1_342' title='bbox 1580 3171 1754 3231; x_wconf 82' lang='lat' dir='ltr'><strong>vocantur</strong></span> <span class='ocrx_word' id='word_1_343' title='bbox 1773 3157 1970 3248; x_wconf 78' lang='lat' dir='ltr'><strong>legitimae,</strong></span> <span class='ocrx_word' id='word_1_344' title='bbox 2003 3177 2078 3224; x_wconf 86' lang='lat' dir='ltr'><strong>non</strong></span> 
     </span>
     <span class='ocr_line' id='line_1_29' title="bbox 48 3253 2078 3357; baseline -0.009 -12"><span class='ocrx_word' id='word_1_345' title='bbox 48 3275 113 3348; x_wconf 65' lang='lat' dir='ltr'><strong>stt,</strong></span> <span class='ocrx_word' id='word_1_346' title='bbox 135 3285 262 3357; x_wconf 64' lang='lat' dir='ltr'><strong>toque,</strong></span> <span class='ocrx_word' id='word_1_347' title='bbox 284 3283 377 3355; x_wconf 65' lang='lat' dir='ltr'><strong>quet</strong></span> <span class='ocrx_word' id='word_1_348' title='bbox 395 3261 435 3330; x_wconf 77' lang='lat' dir='ltr'><strong>in</strong></span> <span class='ocrx_word' id='word_1_349' title='bbox 457 3259 552 3328; x_wconf 69' lang='lat' dir='ltr'><strong>libro</strong></span> <span class='ocrx_word' id='word_1_350' title='bbox 568 3256 800 3340; x_wconf 58' lang='lat' dir='ltr'><strong>defitifflffls</strong></span> <span class='ocrx_word' id='word_1_351' title='bbox 830 3256 925 3326; x_wconf 64' lang='lat' dir='ltr'><strong>hone</strong></span> <span class='ocrx_word' id='word_1_352' title='bbox 947 3279 1035 3326; x_wconf 75' lang='lat' dir='ltr'><strong>con·</strong></span> <span class='ocrx_word' id='word_1_353' title='bbox 1085 3283 1187 3355; x_wconf 90' lang='lat' dir='ltr'><strong>posse</strong></span> <span class='ocrx_word' id='word_1_354' title='bbox 1204 3283 1332 3336; x_wconf 87' lang='lat' dir='ltr'><strong>errare.</strong></span> <span class='ocrx_word' id='word_1_355' title='bbox 1383 3261 1532 3355; x_wconf 88' lang='lat' dir='ltr'><strong>Semper</strong></span> <span class='ocrx_word' id='word_1_356' title='bbox 1554 3263 1603 3333; x_wconf 86' lang='lat' dir='ltr'><strong>ita</strong></span> <span class='ocrx_word' id='word_1_357' title='bbox 1627 3261 1774 3343; x_wconf 87' lang='lat' dir='ltr'><strong>accidit,</strong></span> <span class='ocrx_word' id='word_1_358' title='bbox 1798 3274 1840 3331; x_wconf 89' lang='lat' dir='ltr'><strong>ut</strong></span> <span class='ocrx_word' id='word_1_359' title='bbox 1863 3259 1907 3330; x_wconf 89' lang='lat' dir='ltr'><strong>de</strong></span> <span class='ocrx_word' id='word_1_360' title='bbox 1919 3253 2078 3328; x_wconf 79' lang='lat' dir='ltr'><strong>Ecclesia</strong></span> 
     </span>
     <span class='ocr_line' id='line_1_30' title="bbox 47 3353 2080 3456; baseline -0.007 -15"><span class='ocrx_word' id='word_1_361' title='bbox 47 3363 179 3436; x_wconf 82' lang='lat' dir='ltr'><strong>scientia</strong></span> <span class='ocrx_word' id='word_1_362' title='bbox 194 3365 369 3436; x_wconf 75' lang='lat' dir='ltr'><strong>indicare·</strong></span> <span class='ocrx_word' id='word_1_363' title='bbox 409 3357 593 3432; x_wconf 71' lang='lat' dir='ltr'><strong>Praeclare</strong></span> <span class='ocrx_word' id='word_1_364' title='bbox 606 3353 837 3441; x_wconf 61' lang='lat' dir='ltr'><strong>Ambrosios.</strong></span> <span class='ocrx_word' id='word_1_365' title='bbox 858 3356 1035 3449; x_wconf 67' lang='lat' dir='ltr'><strong>inquiens,</strong></span> <span class='ocrx_word' id='word_1_366' title='bbox 1085 3361 1248 3434; x_wconf 86' lang='lat' dir='ltr'><strong>homines</strong></span> <span class='ocrx_word' id='word_1_367' title='bbox 1273 3363 1411 3456; x_wconf 88' lang='lat' dir='ltr'><strong>politici</strong></span> <span class='ocrx_word' id='word_1_368' title='bbox 1431 3363 1623 3454; x_wconf 81' lang='lat' dir='ltr'><strong>cogitantes</strong></span> <span class='ocrx_word' id='word_1_369' title='bbox 1644 3363 1836 3453; x_wconf 78' lang='lat' dir='ltr'><strong>imaginem</strong></span> <span class='ocrx_word' id='word_1_370' title='bbox 1852 3357 2080 3450; x_wconf 84' lang='lat' dir='ltr'><strong>conceperint</strong></span> 
     </span>
    </p>
   </div>
   <div class='ocr_carea' id='block_1_4' title="bbox 46 3436 2217 3557">
    <p class='ocr_par' dir='ltr' id='par_1_18' title="bbox 46 3436 2217 3557">
     <span class='ocr_line' id='line_1_31' title="bbox 46 3436 2217 3557; baseline -0.001 -25"><span class='ocrx_word' id='word_1_371' title='bbox 46 3465 83 3534; x_wconf 90' lang='lat' dir='ltr'><strong>ad</strong></span> <span class='ocrx_word' id='word_1_372' title='bbox 107 3461 357 3539; x_wconf 79' lang='lat' dir='ltr'><strong>Theodosium</strong></span> <span class='ocrx_word' id='word_1_373' title='bbox 383 3461 652 3552; x_wconf 85' lang='lat' dir='ltr'><strong>Imperatorem:</strong></span> <span class='ocrx_word' id='word_1_374' title='bbox 678 3453 780 3530; x_wconf 85' lang='lat' dir='ltr'><strong>Nihil</strong></span> <span class='ocrx_word' id='word_1_375' title='bbox 804 3471 875 3528; x_wconf 89' lang='lat' dir='ltr'><strong>tam</strong></span> <span class='ocrx_word' id='word_1_376' title='bbox 897 3457 937 3526; x_wconf 86' lang='lat' dir='ltr'><strong>in</strong></span> <span class='ocrx_word' id='word_1_377' title='bbox 961 3453 1034 3531; x_wconf 87' lang='lat' dir='ltr'><strong>lm-</strong></span> <span class='ocrx_word' id='word_1_378' title='bbox 1085 3461 1259 3536; x_wconf 82' lang='lat' dir='ltr'><strong>hnmanae</strong></span> <span class='ocrx_word' id='word_1_379' title='bbox 1280 3465 1428 3557; x_wconf 89' lang='lat' dir='ltr'><strong>politiae</strong></span> <span class='ocrx_word' id='word_1_380' title='bbox 1452 3484 1515 3536; x_wconf 88' lang='lat' dir='ltr'><strong>seu</strong></span> <span class='ocrx_word' id='word_1_381' title='bbox 1534 3461 1664 3556; x_wconf 82' lang='lat' dir='ltr'><strong>Regni.</strong></span> <span class='ocrx_word' id='word_1_382' title='bbox 1716 3461 1761 3536; x_wconf 89' lang='lat' dir='ltr'><strong>ln</strong></span> <span class='ocrx_word' id='word_1_383' title='bbox 1774 3436 1905 3553; x_wconf 78' lang='lat' dir='ltr'><strong>liegno·</strong></span> <span class='ocrx_word' id='word_1_384' title='bbox 1924 3468 2078 3553; x_wconf 89' lang='lat' dir='ltr'><strong>potestas</strong></span> <span class='ocrx_word' id='word_1_385' title='bbox 2212 3471 2217 3478; x_wconf 87' lang='grc'><em>“</em></span> 
     </span>
    </p>
   </div>
   <div class='ocr_carea' id='block_1_5' title="bbox 29 3557 2151 5590">
    <p class='ocr_par' dir='ltr' id='par_1_19' title="bbox 29 3557 2151 5590">
     <span class='ocr_line' id='line_1_32' title="bbox 47 3557 2098 3666; baseline -0.003 -26"><span class='ocrx_word' id='word_1_386' title='bbox 47 3583 197 3654; x_wconf 79' lang='lat' dir='ltr'><strong>pentane</strong></span> <span class='ocrx_word' id='word_1_387' title='bbox 215 3565 375 3638; x_wconf 85' lang='lat' dir='ltr'><strong>amabile</strong></span> <span class='ocrx_word' id='word_1_388' title='bbox 393 3585 487 3666; x_wconf 64' lang='lat' dir='ltr'><strong>asse,</strong></span> <span class='ocrx_word' id='word_1_389' title='bbox 516 3583 625 3656; x_wconf 89' lang='lat' dir='ltr'><strong>quam</strong></span> <span class='ocrx_word' id='word_1_390' title='bbox 639 3559 677 3630; x_wconf 87' lang='lat' dir='ltr'><strong>-si</strong></span> <span class='ocrx_word' id='word_1_391' title='bbox 697 3557 897 3632; x_wconf 85' lang='lat' dir='ltr'><strong>libertatem</strong></span> <span class='ocrx_word' id='word_1_392' title='bbox 911 3558 1035 3630; x_wconf 85' lang='lat' dir='ltr'><strong>dicon-</strong></span> <span class='ocrx_word' id='word_1_393' title='bbox 1086 3577 1137 3636; x_wconf 90' lang='lat' dir='ltr'><strong>est</strong></span> <span class='ocrx_word' id='word_1_394' title='bbox 1151 3567 1555 3658; x_wconf 78' lang='lat' dir='ltr'><strong>interpretandae&#39;legis,</strong></span> <span class='ocrx_word' id='word_1_395' title='bbox 1581 3589 1642 3636; x_wconf 88' lang='lat' dir='ltr'><strong>seu</strong></span> <span class='ocrx_word' id='word_1_396' title='bbox 1666 3567 1784 3657; x_wconf 87' lang='lat' dir='ltr'><strong>regia,</strong></span> <span class='ocrx_word' id='word_1_397' title='bbox 1806 3587 1868 3634; x_wconf 90' lang='lat' dir='ltr'><strong>seu</strong></span> <span class='ocrx_word' id='word_1_398' title='bbox 1888 3561 2098 3656; x_wconf 71' lang='lat' dir='ltr'><strong>praetoria·</strong></span> 
     </span>
     <span class='ocr_line' id='line_1_33' title="bbox 45 3657 2077 3762; baseline -0.006 -12"><span class='ocrx_word' id='word_1_399' title='bbox 45 3669 102 3738; x_wconf 65' lang='lat' dir='ltr'><strong>‘lto</strong></span> <span class='ocrx_word' id='word_1_400' title='bbox 121 3668 323 3742; x_wconf 58' lang='lat' dir='ltr'><strong>‘cotentio‘</strong></span> <span class='ocrx_word' id='word_1_401' title='bbox 345 3665 534 3749; x_wconf 59' lang='lat' dir='ltr'><strong>tssssttdeis</strong></span> <span class='ocrx_word' id='word_1_402' title='bbox 573 3675 609 3736; x_wconf 65' lang='lat' dir='ltr'><strong>ti</strong></span> <span class='ocrx_word' id='word_1_403' title='bbox 644 3657 715 3734; x_wconf 60' lang='grc' dir='ltr'><strong>Μ</strong></span> <span class='ocrx_word' id='word_1_404' title='bbox 739 3659 836 3732; x_wconf 58' lang='grc' dir='ltr'>Μ</span> <span class='ocrx_word' id='word_1_405' title='bbox 860 3661 976 3730; x_wconf 75' lang='lat' dir='ltr'>b⁰¹¹⁰⁸</span> <span class='ocrx_word' id='word_1_406' title='bbox 999 3674 1034 3732; x_wconf 90' lang='lat' dir='ltr'><strong>et</strong></span> <span class='ocrx_word' id='word_1_407' title='bbox 1085 3691 1174 3762; x_wconf 84' lang='lat' dir='ltr'><strong>qtrae</strong></span> <span class='ocrx_word' id='word_1_408' title='bbox 1189 3668 1361 3740; x_wconf 87' lang='lat' dir='ltr'><strong>tribuitur</strong></span> <span class='ocrx_word' id='word_1_409' title='bbox 1373 3669 1478 3738; x_wconf 88' lang='lat' dir='ltr'><strong>certis</strong></span> <span class='ocrx_word' id='word_1_410' title='bbox 1492 3667 1671 3762; x_wconf 84' lang='lat' dir='ltr'><strong>personis,</strong></span> <span class='ocrx_word' id='word_1_411' title='bbox 1695 3691 1785 3761; x_wconf 88' lang='lat' dir='ltr'><strong>quae</strong></span> <span class='ocrx_word' id='word_1_412' title='bbox 1797 3667 1997 3756; x_wconf 81' lang='lat' dir='ltr'><strong>iunguntur</strong></span> <span class='ocrx_word' id='word_1_413' title='bbox 2009 3687 2077 3755; x_wconf 86' lang='lat' dir='ltr'><strong>pu·</strong></span> 
     </span>
     <span class='ocr_line' id='line_1_34' title="bbox 44 3755 2078 3862; baseline 0.001 -26"><span class='ocrx_word' id='word_1_414' title='bbox 44 3770 146 3840; x_wconf 85' lang='lat' dir='ltr'><strong>malos</strong></span> <span class='ocrx_word' id='word_1_415' title='bbox 158 3767 349 3859; x_wconf 88' lang='lat' dir='ltr'><strong>Principes</strong></span> <span class='ocrx_word' id='word_1_416' title='bbox 361 3765 554 3838; x_wconf 87' lang='lat' dir='ltr'><strong>discrimen</strong></span> <span class='ocrx_word' id='word_1_417' title='bbox 574 3783 668 3848; x_wconf 86' lang='lat' dir='ltr'><strong>asse,</strong></span> <span class='ocrx_word' id='word_1_418' title='bbox 692 3764 788 3858; x_wconf 80' lang='lat' dir='ltr'><strong>qttod</strong></span> <span class='ocrx_word' id='word_1_419' title='bbox 813 3761 901 3832; x_wconf 87' lang='lat' dir='ltr'><strong>boni</strong></span> <span class='ocrx_word' id='word_1_420' title='bbox 920 3762 1035 3832; x_wconf 72' lang='lat' dir='ltr'><strong>libet*-</strong></span> <span class='ocrx_word' id='word_1_421' title='bbox 1086 3769 1188 3840; x_wconf 86' lang='lat' dir='ltr'><strong>blicis</strong></span> <span class='ocrx_word' id='word_1_422' title='bbox 1200 3771 1417 3855; x_wconf 85' lang='lat' dir='ltr'><strong>muneribus,</strong></span> <span class='ocrx_word' id='word_1_423' title='bbox 1430 3765 1498 3841; x_wconf 89' lang='lat' dir='ltr'><strong>hoe</strong></span> <span class='ocrx_word' id='word_1_424' title='bbox 1515 3783 1576 3854; x_wconf 87' lang='lat' dir='ltr'><strong>est,</strong></span> <span class='ocrx_word' id='word_1_425' title='bbox 1589 3755 1897 3862; x_wconf 83' lang='lat' dir='ltr'><strong>vel&#39;principiipsi,</strong></span> <span class='ocrx_word' id='word_1_426' title='bbox 1908 3765 1966 3838; x_wconf 85' lang='lat' dir='ltr'><strong>vel</strong></span> <span class='ocrx_word' id='word_1_427' title='bbox 1975 3787 2078 3858; x_wconf 83' lang='lat' dir='ltr'><strong>prae-</strong></span> 
     </span>
     <span class='ocr_line' id='line_1_35' title="bbox 43 3862 2077 3969; baseline -0.004 -27"><span class='ocrx_word' id='word_1_428' title='bbox 43 3883 140 3942; x_wconf 87' lang='lat' dir='ltr'><strong>tatem</strong></span> <span class='ocrx_word' id='word_1_429' title='bbox 164 3883 313 3954; x_wconf 84' lang='lat' dir='ltr'><strong>amant,</strong></span> <span class='ocrx_word' id='word_1_430' title='bbox 343 3869 547 3940; x_wconf 83' lang='lat' dir='ltr'><strong>servitutem</strong></span> <span class='ocrx_word' id='word_1_431' title='bbox 563 3865 738 3957; x_wconf 74' lang='lat' dir='ltr'><strong>improbi·</strong></span> <span class='ocrx_word' id='word_1_432' title='bbox 787 3862 901 3934; x_wconf 81' lang='lat' dir='ltr'><strong>Addit</strong></span> <span class='ocrx_word' id='word_1_433' title='bbox 925 3862 1034 3964; x_wconf 67' lang='lat' dir='ltr'><strong>idem,</strong></span> <span class='ocrx_word' id='word_1_434' title='bbox 1085 3871 1208 3964; x_wconf 89' lang='lat' dir='ltr'><strong>cipoae</strong></span> <span class='ocrx_word' id='word_1_435' title='bbox 1222 3871 1382 3966; x_wconf 83' lang='lat' dir='ltr'><strong>iudicum</strong></span> <span class='ocrx_word' id='word_1_436' title='bbox 1402 3863 1575 3969; x_wconf 80' lang='lat' dir='ltr'><strong>curiae*).</strong></span> <span class='ocrx_word' id='word_1_437' title='bbox 1625 3867 1673 3940; x_wconf 90' lang='lat' dir='ltr'><strong>Et</strong></span> <span class='ocrx_word' id='word_1_438' title='bbox 1687 3865 1771 3942; x_wconf 88' lang='lat' dir='ltr'><strong>huic</strong></span> <span class='ocrx_word' id='word_1_439' title='bbox 1794 3865 2077 3964; x_wconf 81' lang='lat' dir='ltr'><strong>interpretationi</strong></span> 
     </span>
     <span class='ocr_line' id='line_1_36' title="bbox 43 3965 2078 4065; baseline 0.002 -27"><span class='ocrx_word' id='word_1_440' title='bbox 43 3965 134 4042; x_wconf 70' lang='lat' dir='ltr'><strong>Nihil</strong></span> <span class='ocrx_word' id='word_1_441' title='bbox 154 3987 232 4044; x_wconf 80' lang='lat' dir='ltr'><strong>tam</strong></span> <span class='ocrx_word' id='word_1_442' title='bbox 257 3973 297 4042; x_wconf 90' lang='lat' dir='ltr'><strong>in</strong></span> <span class='ocrx_word' id='word_1_443' title='bbox 313 3969 503 4044; x_wconf 66' lang='lat' dir='ltr'><strong>&amp;cendato</strong></span> <span class='ocrx_word' id='word_1_444' title='bbox 522 3983 626 4058; x_wconf 87' lang='lat' dir='ltr'><strong>turpe</strong></span> <span class='ocrx_word' id='word_1_445' title='bbox 646 3986 740 4052; x_wconf 85' lang='lat' dir='ltr'><strong>esse,</strong></span> <span class='ocrx_word' id='word_1_446' title='bbox 765 3985 872 4058; x_wconf 72' lang='lat' dir='ltr'><strong>mmm</strong></span> <span class='ocrx_word' id='word_1_447' title='bbox 882 3985 962 4036; x_wconf 86' lang='lat' dir='ltr'><strong>non</strong></span> <span class='ocrx_word' id='word_1_448' title='bbox 975 3967 1035 4036; x_wconf 85' lang='lat' dir='ltr'><strong>di-</strong></span> <span class='ocrx_word' id='word_1_449' title='bbox 1085 3975 1399 4065; x_wconf 86' lang='lat' dir='ltr'><strong>ohtemperattdum</strong></span> <span class='ocrx_word' id='word_1_450' title='bbox 1412 3987 1464 4042; x_wconf 92' lang='lat' dir='ltr'><strong>est</strong></span> <span class='ocrx_word' id='word_1_451' title='bbox 1480 3986 1626 4065; x_wconf 90' lang='lat' dir='ltr'><strong>propter</strong></span> <span class='ocrx_word' id='word_1_452' title='bbox 1646 3973 1870 4043; x_wconf 85' lang='lat' dir='ltr'><strong>autoritatem</strong></span> <span class='ocrx_word' id='word_1_453' title='bbox 1889 3969 2078 4058; x_wconf 83' lang='lat' dir='ltr'><strong>magistra-</strong></span> 
     </span>
     <span class='ocr_line' id='line_1_37' title="bbox 41 4071 2151 4168; baseline -0.003 -24"><span class='ocrx_word' id='word_1_454' title='bbox 41 4093 112 4144; x_wconf 86' lang='lat' dir='ltr'><strong>cere</strong></span> <span class='ocrx_word' id='word_1_455' title='bbox 124 4075 226 4168; x_wconf 87' lang='lat' dir='ltr'><strong>qnod</strong></span> <span class='ocrx_word' id='word_1_456' title='bbox 243 4071 387 4147; x_wconf 78' lang='lat' dir='ltr'><strong>condat.</strong></span> <span class='ocrx_word' id='word_1_457' title='bbox 1086 4089 1157 4160; x_wconf 85' lang='lat' dir='ltr'><strong>tus·‚</strong></span> <span class='ocrx_word' id='word_1_458' title='bbox 1181 4075 1301 4146; x_wconf 85' lang='lat' dir='ltr'><strong>valent</strong></span> <span class='ocrx_word' id='word_1_459' title='bbox 1313 4075 1409 4144; x_wconf 89' lang='lat' dir='ltr'><strong>enim</strong></span> <span class='ocrx_word' id='word_1_460' title='bbox 1424 4075 1690 4164; x_wconf 86' lang='lat' dir='ltr'><strong>magistratuum</strong></span> <span class='ocrx_word' id='word_1_461' title='bbox 1708 4073 1798 4163; x_wconf 89' lang='lat' dir='ltr'><strong>leges</strong></span> <span class='ocrx_word' id='word_1_462' title='bbox 1820 4091 1860 4142; x_wconf 86' lang='lat' dir='ltr'><strong>ae</strong></span> <span class='ocrx_word' id='word_1_463' title='bbox 1872 4071 2077 4154; x_wconf 87' lang='lat' dir='ltr'><strong>sententiae,</strong></span> <span class='ocrx_word' id='word_1_464' title='bbox 2145 4093 2151 4104; x_wconf 93' lang='lat'><strong>·</strong></span> 
     </span>
     <span class='ocr_line' id='line_1_38' title="bbox 132 4169 2149 4268; baseline -0.002 -22"><span class='ocrx_word' id='word_1_465' title='bbox 132 4172 371 4248; x_wconf 68' lang='grc' dir='ltr'><strong>οοιιιιιῑιιω</strong></span> <span class='ocrx_word' id='word_1_466' title='bbox 392 4170 507 4262; x_wconf 72' lang='lat' dir='ltr'><strong>intur·</strong></span> <span class='ocrx_word' id='word_1_467' title='bbox 523 4170 622 4244; x_wconf 80' lang='lat' dir='ltr'><strong>inter</strong></span> <span class='ocrx_word' id='word_1_468' title='bbox 645 4191 712 4242; x_wconf 74' lang='lat' dir='ltr'><strong>nos</strong></span> <span class='ocrx_word' id='word_1_469' title='bbox 738 4170 786 4242; x_wconf 80' lang='lat' dir='ltr'><strong>de</strong></span> <span class='ocrx_word' id='word_1_470' title='bbox 809 4169 925 4254; x_wconf 79' lang='lat' dir='ltr'><strong>ituro,</strong></span> <span class='ocrx_word' id='word_1_471' title='bbox 958 4189 1033 4238; x_wconf 82' lang='lat' dir='ltr'><strong>uon</strong></span> <span class='ocrx_word' id='word_1_472' title='bbox 1085 4177 1213 4267; x_wconf 69' lang='lat' dir='ltr'><strong>psalm</strong></span> <span class='ocrx_word' id='word_1_473' title='bbox 1228 4185 1376 4267; x_wconf 73' lang='lat' dir='ltr'><strong>propter</strong></span> <span class='ocrx_word' id='word_1_474' title='bbox 1391 4175 1609 4268; x_wconf 70' lang='lat' dir='ltr'><strong>pmbabhem</strong></span> <span class='ocrx_word' id='word_1_475' title='bbox 1625 4175 1821 4259; x_wconf 72' lang='lat' dir='ltr'><strong>mitonem,</strong></span> <span class='ocrx_word' id='word_1_476' title='bbox 1846 4171 1977 4266; x_wconf 76' lang='lat' dir='ltr'><strong>param</strong></span> <span class='ocrx_word' id='word_1_477' title='bbox 1992 4195 2077 4266; x_wconf 76' lang='lat' dir='ltr'><strong>pa&gt;-</strong></span> <span class='ocrx_word' id='word_1_478' title='bbox 2146 4181 2149 4194; x_wconf 89' lang='lat'><strong>·</strong></span> 
     </span>
     <span class='ocr_line' id='line_1_39' title="bbox 41 4265 2078 4368; baseline 0.001 -26"><span class='ocrx_word' id='word_1_479' title='bbox 41 4273 149 4348; x_wconf 89' lang='lat' dir='ltr'><strong>solum</strong></span> <span class='ocrx_word' id='word_1_480' title='bbox 172 4276 338 4368; x_wconf 83' lang='lat' dir='ltr'><strong>placide,</strong></span> <span class='ocrx_word' id='word_1_481' title='bbox 368 4273 432 4344; x_wconf 91' lang='lat' dir='ltr'><strong>sed</strong></span> <span class='ocrx_word' id='word_1_482' title='bbox 456 4273 562 4344; x_wconf 87' lang='lat' dir='ltr'><strong>etiam</strong></span> <span class='ocrx_word' id='word_1_483' title='bbox 585 4273 752 4362; x_wconf 80' lang='lat' dir='ltr'><strong>ingenue.</strong></span> <span class='ocrx_word' id='word_1_484' title='bbox 799 4265 850 4342; x_wconf 88' lang='lat' dir='ltr'><strong>Et</strong></span> <span class='ocrx_word' id='word_1_485' title='bbox 868 4271 914 4342; x_wconf 89' lang='lat' dir='ltr'><strong>ad</strong></span> <span class='ocrx_word' id='word_1_486' title='bbox 933 4269 1036 4359; x_wconf 67' lang='lat' dir='ltr'><strong>inge-</strong></span> <span class='ocrx_word' id='word_1_487' title='bbox 1084 4289 1164 4368; x_wconf 88' lang='lat' dir='ltr'><strong>pter</strong></span> <span class='ocrx_word' id='word_1_488' title='bbox 1182 4277 1405 4348; x_wconf 84' lang='lat' dir='ltr'><strong>autoritatem</strong></span> <span class='ocrx_word' id='word_1_489' title='bbox 1427 4299 1534 4368; x_wconf 87' lang='lat' dir='ltr'><strong>quam</strong></span> <span class='ocrx_word' id='word_1_490' title='bbox 1549 4274 1646 4346; x_wconf 90' lang='lat' dir='ltr'><strong>Deus</strong></span> <span class='ocrx_word' id='word_1_491' title='bbox 1659 4275 1822 4347; x_wconf 90' lang='lat' dir='ltr'><strong>attribuit</strong></span> <span class='ocrx_word' id='word_1_492' title='bbox 1835 4271 1972 4358; x_wconf 74' lang='lat' dir='ltr'><strong>ordini,</strong></span> <span class='ocrx_word' id='word_1_493' title='bbox 1998 4271 2078 4344; x_wconf 78' lang='lat' dir='ltr'><strong>vult</strong></span> 
     </span>
     <span class='ocr_line' id='line_1_40' title="bbox 41 4369 2077 4468; baseline 0.002 -24"><span class='ocrx_word' id='word_1_494' title='bbox 41 4375 209 4450; x_wconf 79' lang='lat' dir='ltr'><strong>unitatem</strong></span> <span class='ocrx_word' id='word_1_495' title='bbox 226 4375 365 4448; x_wconf 84' lang='lat' dir='ltr'><strong>candor</strong></span> <span class='ocrx_word' id='word_1_496' title='bbox 381 4375 542 4468; x_wconf 76' lang='lat' dir='ltr'><strong>pertinet·</strong></span> <span class='ocrx_word' id='word_1_497' title='bbox 591 4369 710 4444; x_wconf 82' lang='lat' dir='ltr'><strong>Autor</strong></span> <span class='ocrx_word' id='word_1_498' title='bbox 728 4371 813 4442; x_wconf 80' lang='lat' dir='ltr'><strong>libri</strong></span> <span class='ocrx_word' id='word_1_499' title='bbox 835 4369 885 4444; x_wconf 84' lang='lat' dir='ltr'><strong>ita</strong></span> <span class='ocrx_word' id='word_1_500' title='bbox 907 4383 1034 4442; x_wconf 84' lang='lat' dir='ltr'><strong>attem-</strong></span> <span class='ocrx_word' id='word_1_501' title='bbox 1085 4377 1270 4448; x_wconf 79' lang='lat' dir='ltr'><strong>interiores</strong></span> <span class='ocrx_word' id='word_1_502' title='bbox 1287 4373 1416 4448; x_wconf 85' lang='lat' dir='ltr'><strong>horum</strong></span> <span class='ocrx_word' id='word_1_503' title='bbox 1434 4378 1585 4464; x_wconf 85' lang='lat' dir='ltr'><strong>iudicia,</strong></span> <span class='ocrx_word' id='word_1_504' title='bbox 1611 4379 1718 4448; x_wconf 90' lang='lat' dir='ltr'><strong>modo</strong></span> <span class='ocrx_word' id='word_1_505' title='bbox 1735 4399 1808 4448; x_wconf 90' lang='lat' dir='ltr'><strong>non</strong></span> <span class='ocrx_word' id='word_1_506' title='bbox 1825 4375 2077 4456; x_wconf 81' lang='lat' dir='ltr'><strong>sintabsurda,</strong></span> 
     </span>
     <span class='ocr_line' id='line_1_41' title="bbox 39 4471 2076 4571; baseline -0.001 -21"><span class='ocrx_word' id='word_1_507' title='bbox 39 4491 222 4564; x_wconf 73' lang='lat' dir='ltr'><strong>tenuerat</strong></span> <span class='ocrx_word' id='word_1_508' title='bbox 250 4477 423 4568; x_wconf 86' lang='lat' dir='ltr'><strong>scriptum</strong></span> <span class='ocrx_word' id='word_1_509' title='bbox 448 4475 494 4544; x_wconf 89' lang='lat' dir='ltr'><strong>ad</strong></span> <span class='ocrx_word' id='word_1_510' title='bbox 523 4475 653 4544; x_wconf 89' lang='lat' dir='ltr'><strong>iudicia</strong></span> <span class='ocrx_word' id='word_1_511' title='bbox 676 4471 884 4544; x_wconf 87' lang='lat' dir='ltr'><strong>Pontificiae</strong></span> <span class='ocrx_word' id='word_1_512' title='bbox 912 4471 1034 4565; x_wconf 81' lang='lat' dir='ltr'><strong>partit,</strong></span> <span class='ocrx_word' id='word_1_513' title='bbox 1084 4479 1233 4571; x_wconf 84' lang='lat' dir='ltr'><strong>privatis</strong></span> <span class='ocrx_word' id='word_1_514' title='bbox 1247 4479 1390 4550; x_wconf 89' lang='lat' dir='ltr'><strong>iudiciis</strong></span> <span class='ocrx_word' id='word_1_515' title='bbox 1406 4481 1592 4553; x_wconf 81' lang='lat' dir='ltr'><strong>anteferre.</strong></span> <span class='ocrx_word' id='word_1_516' title='bbox 1643 4477 1686 4548; x_wconf 92' lang='lat' dir='ltr'><strong>ln</strong></span> <span class='ocrx_word' id='word_1_517' title='bbox 1700 4477 1857 4549; x_wconf 83' lang='lat' dir='ltr'><strong>Ecclesia</strong></span> <span class='ocrx_word' id='word_1_518' title='bbox 1879 4475 1985 4565; x_wconf 89' lang='lat' dir='ltr'><strong>longe</strong></span> <span class='ocrx_word' id='word_1_519' title='bbox 2006 4475 2076 4548; x_wconf 88' lang='lat' dir='ltr'><strong>alia</strong></span> 
     </span>
     <span class='ocr_line' id='line_1_42' title="bbox 38 4573 2075 4676; baseline -0.005 -14"><span class='ocrx_word' id='word_1_520' title='bbox 38 4589 86 4662; x_wconf 64' lang='lat'><strong>¹¹12</strong></span> <span class='ocrx_word' id='word_1_521' title='bbox 100 4579 131 4650; x_wconf 66' lang='grc' dir='ltr'>δί</span> <span class='ocrx_word' id='word_1_522' title='bbox 145 4579 243 4676; x_wconf 73' lang='lat' dir='ltr'><strong>quid</strong></span> <span class='ocrx_word' id='word_1_523' title='bbox 257 4579 365 4650; x_wconf 75' lang='lat' dir='ltr'><strong>nobie</strong></span> <span class='ocrx_word' id='word_1_524' title='bbox 385 4577 617 4668; x_wconf 59' lang='lat' dir='ltr'><strong>iugulentur,</strong></span> <span class='ocrx_word' id='word_1_525' title='bbox 643 4573 794 4648; x_wconf 60' lang='lat' dir='ltr'><strong>umente</strong></span> <span class='ocrx_word' id='word_1_526' title='bbox 807 4573 844 4642; x_wconf 89' lang='lat' dir='ltr'><strong>id</strong></span> <span class='ocrx_word' id='word_1_527' title='bbox 859 4573 1035 4664; x_wconf 77' lang='lat' dir='ltr'><strong>siguifica-</strong></span> <span class='ocrx_word' id='word_1_528' title='bbox 1086 4605 1140 4651; x_wconf 87' lang='lat' dir='ltr'><strong>res</strong></span> <span class='ocrx_word' id='word_1_529' title='bbox 1171 4591 1234 4654; x_wconf 84' lang='lat' dir='ltr'><strong>est.</strong></span> <span class='ocrx_word' id='word_1_530' title='bbox 1290 4579 1521 4673; x_wconf 86' lang='lat' dir='ltr'><strong>Deponamus</strong></span> <span class='ocrx_word' id='word_1_531' title='bbox 1556 4577 1734 4672; x_wconf 89' lang='lat' dir='ltr'><strong>paulisper</strong></span> <span class='ocrx_word' id='word_1_532' title='bbox 1755 4579 1854 4650; x_wconf 90' lang='lat' dir='ltr'><strong>illam</strong></span> <span class='ocrx_word' id='word_1_533' title='bbox 1885 4578 2075 4668; x_wconf 81' lang='lat' dir='ltr'><strong>imaginem</strong></span> 
     </span>
     <span class='ocr_line' id='line_1_43' title="bbox 37 4675 2075 4776; baseline -0.003 -22"><span class='ocrx_word' id='word_1_534' title='bbox 37 4693 105 4764; x_wconf 84' lang='lat' dir='ltr'><strong>ret,</strong></span> <span class='ocrx_word' id='word_1_535' title='bbox 139 4683 325 4776; x_wconf 83' lang='lat' dir='ltr'><strong>quaedam</strong></span> <span class='ocrx_word' id='word_1_536' title='bbox 355 4701 441 4750; x_wconf 83' lang='lat' dir='ltr'><strong>vero</strong></span> <span class='ocrx_word' id='word_1_537' title='bbox 472 4677 591 4770; x_wconf 84' lang='lat' dir='ltr'><strong>palam</strong></span> <span class='ocrx_word' id='word_1_538' title='bbox 612 4675 815 4767; x_wconf 71' lang='lat' dir='ltr'><strong>eripiebat,</strong></span> <span class='ocrx_word' id='word_1_539' title='bbox 857 4676 1032 4768; x_wconf 85' lang='lat' dir='ltr'><strong>quaedem</strong></span> <span class='ocrx_word' id='word_1_540' title='bbox 1086 4677 1260 4754; x_wconf 74' lang='lat' dir='ltr'><strong>harmana‘e</strong></span> <span class='ocrx_word' id='word_1_541' title='bbox 1274 4682 1420 4773; x_wconf 89' lang='lat' dir='ltr'><strong>politiae</strong></span> <span class='ocrx_word' id='word_1_542' title='bbox 1442 4695 1477 4751; x_wconf 93' lang='lat' dir='ltr'><strong>et</strong></span> <span class='ocrx_word' id='word_1_543' title='bbox 1501 4682 1693 4772; x_wconf 88' lang='lat' dir='ltr'><strong>cogitemus</strong></span> <span class='ocrx_word' id='word_1_544' title='bbox 1717 4693 1854 4752; x_wconf 90' lang='lat' dir='ltr'><strong>coetum</strong></span> <span class='ocrx_word' id='word_1_545' title='bbox 1877 4681 2075 4772; x_wconf 87' lang='lat' dir='ltr'><strong>dispersum</strong></span> 
     </span>
     <span class='ocr_line' id='line_1_44' title="bbox 37 4777 2075 4877; baseline 0.002 -29"><span class='ocrx_word' id='word_1_546' title='bbox 37 4781 139 4854; x_wconf 84' lang='lat' dir='ltr'><strong>etiam</strong></span> <span class='ocrx_word' id='word_1_547' title='bbox 155 4781 320 4856; x_wconf 75' lang='lat' dir='ltr'><strong>insolvit</strong></span> <span class='ocrx_word' id='word_1_548' title='bbox 330 4781 513 4870; x_wconf 76' lang='lat' dir='ltr'><strong>atobignis.</strong></span> <span class='ocrx_word' id='word_1_549' title='bbox 522 4777 709 4852; x_wconf 84' lang='lat' dir='ltr'><strong>sententiis</strong></span> <span class='ocrx_word' id='word_1_550' title='bbox 734 4777 831 4848; x_wconf 72' lang='lat' dir='ltr'><strong>selca</strong></span> <span class='ocrx_word' id='word_1_551' title='bbox 852 4777 1034 4866; x_wconf 83' lang='lat' dir='ltr'><strong>aenigma·</strong></span> <span class='ocrx_word' id='word_1_552' title='bbox 1083 4785 1244 4877; x_wconf 88' lang='lat' dir='ltr'><strong>quivere</strong></span> <span class='ocrx_word' id='word_1_553' title='bbox 1260 4779 1377 4854; x_wconf 90' lang='lat' dir='ltr'><strong>Deum</strong></span> <span class='ocrx_word' id='word_1_554' title='bbox 1392 4785 1543 4867; x_wconf 88' lang='lat' dir='ltr'><strong>invocat,</strong></span> <span class='ocrx_word' id='word_1_555' title='bbox 1569 4781 1823 4872; x_wconf 84' lang='lat' dir='ltr'><strong>gubernatura</strong></span> <span class='ocrx_word' id='word_1_556' title='bbox 1839 4779 1978 4874; x_wconf 87' lang='lat' dir='ltr'><strong>Spiritu</strong></span> <span class='ocrx_word' id='word_1_557' title='bbox 1993 4803 2075 4853; x_wconf 65' lang='lat' dir='ltr'><strong>sam</strong></span> 
     </span>
     <span class='ocr_line' id='line_1_45' title="bbox 36 4875 2076 4978; baseline 0 -28"><span class='ocrx_word' id='word_1_558' title='bbox 36 4881 138 4954; x_wconf 84' lang='lat' dir='ltr'><strong>tibus.</strong></span> <span class='ocrx_word' id='word_1_559' title='bbox 185 4884 408 4976; x_wconf 80' lang='lat' dir='ltr'><strong>Quanquam</strong></span> <span class='ocrx_word' id='word_1_560' title='bbox 423 4881 721 4972; x_wconf 82' lang='lat' dir='ltr'><strong>igiturquaedom</strong></span> <span class='ocrx_word' id='word_1_561' title='bbox 736 4877 945 4950; x_wconf 83' lang='lat' dir='ltr'><strong>inmateriis</strong></span> <span class='ocrx_word' id='word_1_562' title='bbox 958 4875 1033 4948; x_wconf 86' lang='lat' dir='ltr'><strong>uti-</strong></span> <span class='ocrx_word' id='word_1_563' title='bbox 1083 4899 1158 4967; x_wconf 89' lang='lat' dir='ltr'><strong>cto,</strong></span> <span class='ocrx_word' id='word_1_564' title='bbox 1195 4885 1397 4956; x_wconf 75' lang='lat' dir='ltr'><strong>circumfert</strong></span> <span class='ocrx_word' id='word_1_565' title='bbox 1421 4907 1546 4978; x_wconf 88' lang='lat' dir='ltr'><strong>puram</strong></span> <span class='ocrx_word' id='word_1_566' title='bbox 1572 4879 1759 4974; x_wconf 84' lang='lat' dir='ltr'><strong>Evangelii</strong></span> <span class='ocrx_word' id='word_1_567' title='bbox 1788 4881 2007 4964; x_wconf 82' lang='lat' dir='ltr'><strong>doctrinam,</strong></span> <span class='ocrx_word' id='word_1_568' title='bbox 2041 4893 2076 4952; x_wconf 87' lang='lat' dir='ltr'><strong>et</strong></span> 
     </span>
     <span class='ocr_line' id='line_1_46' title="bbox 34 4967 2074 5078; baseline 0.002 -28"><span class='ocrx_word' id='word_1_569' title='bbox 34 4981 144 5071; x_wconf 87' lang='lat' dir='ltr'><strong>libus,</strong></span> <span class='ocrx_word' id='word_1_570' title='bbox 167 4989 216 5054; x_wconf 92' lang='lat' dir='ltr'><strong>de</strong></span> <span class='ocrx_word' id='word_1_571' title='bbox 239 4985 371 5078; x_wconf 88' lang='lat' dir='ltr'><strong>quibus</strong></span> <span class='ocrx_word' id='word_1_572' title='bbox 391 4996 531 5054; x_wconf 84' lang='lat' dir='ltr'><strong>nostrae</strong></span> <span class='ocrx_word' id='word_1_573' title='bbox 545 4975 724 5054; x_wconf 85' lang='lat' dir='ltr'><strong>Ecclesiae</strong></span> <span class='ocrx_word' id='word_1_574' title='bbox 743 4979 939 5050; x_wconf 86' lang='lat' dir='ltr'><strong>necessario</strong></span> <span class='ocrx_word' id='word_1_575' title='bbox 964 5001 1032 5070; x_wconf 89' lang='lat' dir='ltr'><strong>pu·</strong></span> <span class='ocrx_word' id='word_1_576' title='bbox 1083 4985 1178 5056; x_wconf 83' lang='lat' dir='ltr'><strong>inter</strong></span> <span class='ocrx_word' id='word_1_577' title='bbox 1191 4985 1346 5078; x_wconf 88' lang='lat' dir='ltr'><strong>pericula</strong></span> <span class='ocrx_word' id='word_1_578' title='bbox 1362 4983 1581 5058; x_wconf 86' lang='lat' dir='ltr'><strong>admirandis</strong></span> <span class='ocrx_word' id='word_1_579' title='bbox 1593 4982 1661 5056; x_wconf 92' lang='lat' dir='ltr'><strong>Dei</strong></span> <span class='ocrx_word' id='word_1_580' title='bbox 1679 4985 1846 5076; x_wconf 87' lang='lat' dir='ltr'><strong>oporibus</strong></span> <span class='ocrx_word' id='word_1_581' title='bbox 1861 4967 2074 5056; x_wconf 73' lang='lat' dir='ltr'><strong>defenditur.</strong></span> 
     </span>
     <span class='ocr_line' id='line_1_47' title="bbox 36 5082 2075 5181; baseline -0.002 -23"><span class='ocrx_word' id='word_1_582' title='bbox 36 5103 161 5172; x_wconf 74' lang='lat' dir='ltr'><strong>grutm,</strong></span> <span class='ocrx_word' id='word_1_583' title='bbox 188 5085 339 5156; x_wconf 86' lang='lat' dir='ltr'><strong>brevius</strong></span> <span class='ocrx_word' id='word_1_584' title='bbox 363 5099 424 5154; x_wconf 85' lang='lat' dir='ltr'><strong>aut</strong></span> <span class='ocrx_word' id='word_1_585' title='bbox 443 5083 628 5156; x_wconf 71' lang='lat' dir='ltr'><strong>obscurius</strong></span> <span class='ocrx_word' id='word_1_586' title='bbox 651 5082 743 5154; x_wconf 83' lang='lat' dir='ltr'><strong>dicte</strong></span> <span class='ocrx_word' id='word_1_587' title='bbox 769 5093 888 5166; x_wconf 80' lang='lat' dir='ltr'><strong>erent,</strong></span> <span class='ocrx_word' id='word_1_588' title='bbox 922 5105 1030 5175; x_wconf 79' lang='lat' dir='ltr'><strong>qttem</strong></span> <span class='ocrx_word' id='word_1_589' title='bbox 1082 5085 1126 5158; x_wconf 91' lang='lat' dir='ltr'><strong>ln</strong></span> <span class='ocrx_word' id='word_1_590' title='bbox 1141 5082 1208 5157; x_wconf 92' lang='lat' dir='ltr'><strong>hoc</strong></span> <span class='ocrx_word' id='word_1_591' title='bbox 1224 5101 1325 5159; x_wconf 87' lang='lat' dir='ltr'><strong>coetu</strong></span> <span class='ocrx_word' id='word_1_592' title='bbox 1338 5111 1412 5158; x_wconf 89' lang='lat' dir='ltr'><strong>non</strong></span> <span class='ocrx_word' id='word_1_593' title='bbox 1428 5099 1579 5181; x_wconf 86' lang='lat' dir='ltr'><strong>potestas</strong></span> <span class='ocrx_word' id='word_1_594' title='bbox 1593 5101 1646 5160; x_wconf 89' lang='lat' dir='ltr'><strong>est</strong></span> <span class='ocrx_word' id='word_1_595' title='bbox 1665 5086 1806 5178; x_wconf 87' lang='lat' dir='ltr'><strong>alligata</strong></span> <span class='ocrx_word' id='word_1_596' title='bbox 1829 5083 1933 5157; x_wconf 87' lang='lat' dir='ltr'><strong>certis</strong></span> <span class='ocrx_word' id='word_1_597' title='bbox 1952 5105 2075 5176; x_wconf 84' lang='lat' dir='ltr'><strong>perso-</strong></span> 
     </span>
     <span class='ocr_line' id='line_1_48' title="bbox 33 5179 2075 5284; baseline -0.007 -16"><span class='ocrx_word' id='word_1_598' title='bbox 33 5211 120 5276; x_wconf 70' lang='lat'><strong>011118</strong></span> <span class='ocrx_word' id='word_1_599' title='bbox 137 5201 241 5268; x_wconf 65' lang='lat' dir='ltr'><strong>etot,</strong></span> <span class='ocrx_word' id='word_1_600' title='bbox 266 5199 384 5260; x_wconf 85' lang='lat' dir='ltr'><strong>temen</strong></span> <span class='ocrx_word' id='word_1_601' title='bbox 401 5186 440 5256; x_wconf 91' lang='lat' dir='ltr'><strong>in</strong></span> <span class='ocrx_word' id='word_1_602' title='bbox 457 5186 647 5256; x_wconf 90' lang='lat' dir='ltr'><strong>iudicando</strong></span> <span class='ocrx_word' id='word_1_603' title='bbox 663 5185 853 5284; x_wconf 79' lang='lat' dir='ltr'><strong>candorem</strong></span> <span class='ocrx_word' id='word_1_604' title='bbox 869 5179 1030 5270; x_wconf 85' lang='lat' dir='ltr'><strong>adhibui,</strong></span> <span class='ocrx_word' id='word_1_605' title='bbox 1080 5187 1138 5260; x_wconf 91' lang='lat' dir='ltr'><strong>nis</strong></span> <span class='ocrx_word' id='word_1_606' title='bbox 1151 5199 1213 5260; x_wconf 89' lang='lat' dir='ltr'><strong>aut</strong></span> <span class='ocrx_word' id='word_1_607' title='bbox 1227 5201 1339 5260; x_wconf 87' lang='lat' dir='ltr'><strong>certae</strong></span> <span class='ocrx_word' id='word_1_608' title='bbox 1356 5185 1601 5274; x_wconf 89' lang='lat' dir='ltr'><strong>multitudini,</strong></span> <span class='ocrx_word' id='word_1_609' title='bbox 1625 5187 1687 5260; x_wconf 89' lang='lat' dir='ltr'><strong>sed</strong></span> <span class='ocrx_word' id='word_1_610' title='bbox 1700 5187 1836 5258; x_wconf 90' lang='lat' dir='ltr'><strong>donum</strong></span> <span class='ocrx_word' id='word_1_611' title='bbox 1859 5196 1912 5258; x_wconf 87' lang='lat' dir='ltr'><strong>est</strong></span> <span class='ocrx_word' id='word_1_612' title='bbox 1934 5185 2075 5280; x_wconf 88' lang='lat' dir='ltr'><strong>aliquo-</strong></span> 
     </span>
     <span class='ocr_line' id='line_1_49' title="bbox 34 5283 2075 5384; baseline 0.004 -30"><span class='ocrx_word' id='word_1_613' title='bbox 34 5285 203 5384; x_wconf 87' lang='lat' dir='ltr'><strong>pleraqne</strong></span> <span class='ocrx_word' id='word_1_614' title='bbox 218 5287 406 5380; x_wconf 89' lang='lat' dir='ltr'><strong>praeterii,</strong></span> <span class='ocrx_word' id='word_1_615' title='bbox 431 5297 473 5358; x_wconf 93' lang='lat' dir='ltr'><strong>ut</strong></span> <span class='ocrx_word' id='word_1_616' title='bbox 486 5285 605 5357; x_wconf 86' lang='lat' dir='ltr'><strong>aditus</strong></span> <span class='ocrx_word' id='word_1_617' title='bbox 617 5287 662 5356; x_wconf 88' lang='lat' dir='ltr'><strong>ad</strong></span> <span class='ocrx_word' id='word_1_618' title='bbox 678 5283 903 5356; x_wconf 86' lang='lat' dir='ltr'><strong>concordiam</strong></span> <span class='ocrx_word' id='word_1_619' title='bbox 920 5285 1028 5358; x_wconf 87' lang='lat' dir='ltr'><strong>fieret.</strong></span> <span class='ocrx_word' id='word_1_620' title='bbox 1079 5315 1160 5362; x_wconf 86' lang='lat' dir='ltr'><strong>rum</strong></span> <span class='ocrx_word' id='word_1_621' title='bbox 1175 5289 1337 5384; x_wconf 89' lang='lat' dir='ltr'><strong>piorum,</strong></span> <span class='ocrx_word' id='word_1_622' title='bbox 1362 5291 1493 5378; x_wconf 89' lang='lat' dir='ltr'><strong>idest,</strong></span> <span class='ocrx_word' id='word_1_623' title='bbox 1516 5291 1640 5362; x_wconf 88' lang='lat' dir='ltr'><strong>lumen</strong></span> <span class='ocrx_word' id='word_1_624' title='bbox 1664 5287 1849 5376; x_wconf 72' lang='lat' dir='ltr'><strong>divinum,</strong></span> <span class='ocrx_word' id='word_1_625' title='bbox 1872 5311 1943 5384; x_wconf 81' lang='lat' dir='ltr'><strong>qtto</strong></span> <span class='ocrx_word' id='word_1_626' title='bbox 1966 5287 2075 5360; x_wconf 84' lang='lat' dir='ltr'><strong>intel-</strong></span> 
     </span>
     <span class='ocr_line' id='line_1_50' title="bbox 32 5384 1503 5482; baseline -0.005 -24"><span class='ocrx_word' id='word_1_627' title='bbox 32 5387 101 5458; x_wconf 83' lang='lat' dir='ltr'><strong>Sed</strong></span> <span class='ocrx_word' id='word_1_628' title='bbox 121 5413 208 5462; x_wconf 89' lang='lat' dir='ltr'><strong>cnm</strong></span> <span class='ocrx_word' id='word_1_629' title='bbox 226 5389 516 5480; x_wconf 77' lang='lat' dir='ltr'><strong>posteagraviter</strong></span> <span class='ocrx_word' id='word_1_630' title='bbox 536 5409 602 5458; x_wconf 88' lang='lat' dir='ltr'><strong>noa</strong></span> <span class='ocrx_word' id='word_1_631' title='bbox 625 5387 720 5457; x_wconf 88' lang='lat' dir='ltr'><strong>laedi</strong></span> <span class='ocrx_word' id='word_1_632' title='bbox 744 5384 785 5454; x_wconf 90' lang='lat' dir='ltr'><strong>in</strong></span> <span class='ocrx_word' id='word_1_633' title='bbox 813 5385 1026 5480; x_wconf 84' lang='lat' dir='ltr'><strong>quibusdam</strong></span> <span class='ocrx_word' id='word_1_634' title='bbox 1499 5473 1503 5482; x_wconf 20' lang='grc' dir='ltr'><em>Α</em></span> 
     </span>
     <span class='ocr_line' id='line_1_51' title="bbox 29 5481 1714 5590; baseline 0 -29"><span class='ocrx_word' id='word_1_635' title='bbox 29 5485 114 5562; x_wconf 87' lang='lat' dir='ltr'><strong>libri</strong></span> <span class='ocrx_word' id='word_1_636' title='bbox 127 5491 300 5586; x_wconf 80' lang='lat' dir='ltr'><strong>partibus</strong></span> <span class='ocrx_word' id='word_1_637' title='bbox 311 5489 352 5564; x_wconf 89' lang='lat' dir='ltr'><strong>in</strong></span> <span class='ocrx_word' id='word_1_638' title='bbox 365 5491 505 5590; x_wconf 56' lang='lat' dir='ltr'><strong>loeossde</strong></span> <span class='ocrx_word' id='word_1_639' title='bbox 516 5483 686 5580; x_wconf 85' lang='lat' dir='ltr'><strong>Ecclesia,</strong></span> <span class='ocrx_word' id='word_1_640' title='bbox 707 5487 751 5562; x_wconf 85' lang='lat' dir='ltr'><strong>de</strong></span> <span class='ocrx_word' id='word_1_641' title='bbox 768 5481 936 5562; x_wconf 89' lang='lat' dir='ltr'><strong>humanis</strong></span> <span class='ocrx_word' id='word_1_642' title='bbox 950 5485 1027 5562; x_wconf 82' lang='lat' dir='ltr'><strong>cul·</strong></span> <span class='ocrx_word' id='word_1_643' title='bbox 1111 5513 1141 5588; x_wconf 73' lang='grc' dir='ltr'><strong>ι)</strong></span> <span class='ocrx_word' id='word_1_644' title='bbox 1159 5513 1227 5574; x_wconf 71' lang='lat' dir='ltr'><strong>atet.</strong></span> <span class='ocrx_word' id='word_1_645' title='bbox 1239 5533 1303 5590; x_wconf 73' lang='lat' dir='ltr'><strong>opp.</strong></span> <span class='ocrx_word' id='word_1_646' title='bbox 1314 5517 1466 5590; x_wconf 63' lang='lat' dir='ltr'><strong>arnapa·</strong></span> <span class='ocrx_word' id='word_1_647' title='bbox 1480 5517 1604 5572; x_wconf 70' lang='lat' dir='ltr'><strong>aarum</strong></span> <span class='ocrx_word' id='word_1_648' title='bbox 1617 5531 1714 5572; x_wconf 72' lang='lat' dir='ltr'><strong>mne.</strong></span> 
     </span>
    </p>
   </div>
   <div class='ocr_carea' id='block_1_6' title="bbox 0 0 2386 6270">
    <p class='ocr_par' dir='ltr' id='par_1_20' title="bbox 0 0 2386 6270">
     <span class='ocr_line' id='line_1_52' title="bbox 0 0 2386 6270; baseline 0 1"><span class='ocrx_word' id='word_1_649' title='bbox 0 0 2386 6270; x_wconf 95' lang='lat' dir='ltr'><strong> </strong></span> 
     </span>
    </p>
   </div>
  </div>
 </body>
</html>
