4856 6266
303 331 359 412 ta
861 325 1300 410 demandatam

315 589 317 594 ,
400 503 587 582 Peccatum
605 516 656 577 est
669 505 758 576 ad'eo
771 503 1026 594 valuntarirun,
1049 511 1101 595 ul,
1120 506 1304 605 sinonsit

305 609 565 692 volontarium,
589 627 665 678 non
680 607 726 676 sit
735 620 932 702 peramara.

337 865 340 876 Ι
405 762 460 875 2)
483 766 668 850 praeterea
695 789 731 847 et
756 777 851 872 quod
881 779 1003 850 eadem
1027 777 1145 851 radice
1168 777 1315 874 pugnat

307 885 448 958 nullom
471 878 678 954 mandatum
704 875 809 950 debet
832 881 927 965 dari,
964 881 1035 950 nisi
1060 881 1104 952 de
1125 883 1220 953 bono
1246 883 1302 952 vel

306 987 401 1060 malo
424 983 654 1076 contingenti.
707 979 748 1053 Si
769 995 885 1053 autem
908 978 976 1053 boc
999 985 1302 1078 concupiscentiae

307 1101 488 1184 peccatum
508 1097 598 1157 esset
618 1083 658 1153 in
680 1083 787 1154 nobis
806 1085 1059 1170 necessarium,
1086 1087 1226 1158 nullum
1243 1112 1303 1157 sn-

307 1217 371 1286 per
386 1215 426 1261 eo
443 1191 565 1259 datum
581 1186 703 1282 fuisset
718 1189 936 1262 mandatum.
988 1185 1053 1257 Vis
1066 1187 1217 1258 rationis
1231 1204 1304 1260 tra-

308 1295 407 1366 ditur
436 1313 499 1384 per
522 1287 763 1378 Augustinnm
796 1291 857 1361 lib.
884 1291 916 1389 1.
947 1291 990 1358 de
1016 1291 1177 1360 doctrina
1197 1285 1304 1361 Chri-

309 1395 433 1468 stiana.
482 1387 529 1461 Et
551 1393 649 1484 qnod
672 1389 747 1480 ipse
772 1403 922 1460 testatur
945 1393 988 1459 de
1010 1394 1120 1484 gratia
1137 1407 1172 1465 et
1189 1395 1304 1462 libero

308 1495 482 1580 arbitrio.
526 1491 697 1562 Mandata
719 1489 787 1562 Dei
811 1515 885 1562 non
916 1495 1123 1585 prodessent
1153 1493 1305 1580 homini,

309 1601 338 1670 si
354 1599 392 1668 in
407 1592 463 1666 his
480 1619 554 1665 non
569 1589 717 1664 haberet
733 1593 887 1664 liberum
905 1595 1103 1670 arbitrium.

412 1765 455 1860 8)
487 1763 646 1836 Cuilibet
667 1787 808 1858 quoque
831 1761 1036 1838 Christiano
1060 1782 1195 1840 constat
1224 1792 1305 1840 eum

310 1873 439 1942 debere
455 1865 685 1939 conformiter
699 1889 801 1956 agere
823 1869 1016 1962 praeceptis
1036 1871 1186 1956 divinis,
1215 1871 1305 1940 alio-

311 1973 375 2068 qui
406 1995 481 2042 non
509 1969 640 2061 poterit
667 1971 806 2062 assequi
834 1971 945 2040 vitam
977 1984 1167 2042 aeternam.
1226 1969 1306 2042 Hoc

311 2076 409 2170 qnod
425 2071 646 2162 Augustinus
663 2071 835 2142 adsumsit
848 2075 892 2140 de
907 2071 1046 2164 Spiritu
1060 2087 1096 2144 ct
1109 2073 1222 2144 litera.
1241 2069 1307 2143 -Et

311 2173 475 2247 Christus
500 2174 576 2264 ipse
600 2185 765 2244 testatur:
819 2173 859 2244 Si
883 2175 936 2244 vis
961 2175 1001 2243 in
1017 2176 1125 2246 vitam
1154 2175 1305 2264 ingredi,

311 2301 413 2350 serva
433 2278 611 2354 mandata.
670 2273 709 2346 Si
734 2275 814 2368 quis
836 2276 932 2346 enirn
954 2279 1119 2350 mandata
1140 2275 1208 2348 Dei
1231 2301 1307 2348 non

312 2379 522 2462 servaverit,
554 2375 819 2448 maledictiones
842 2399 1051 2474 supereum
1076 2381 1238 2462 venient,
1261 2381 1326 2450 de.

314 2482 445 2576 quibus
466 2480 506 2548 in
527 2476 819 2551 Deuteronomio.
863 2476 921 2549 Ad
946 2481 1013 2552 ista
1033 2505 1114 2572 ergo
1136 2484 1307 2552 inconve-

313 2583 451 2654 nientia
478 2581 623 2652 vitanda
648 2578 758 2650 satius
786 2593 838 2650 est
868 2581 943 2650 vim
968 2597 1002 2652 et
1024 2584 1212 2656 efficaciam
1235 2581 1307 2654 Ba-

313 2685 434 2778 ptisr'ni
463 2705 669 2774 agnoscere,
701 2683 867 2752 meritum
891 2677 1027 2754 Christi
1058 2687 1098 2753 in
1123 2683 1306 2780 Baptismo

313 2787 447 2879 agentis
462 2784 582 2854 multis
596 2783 763 2854 laudibus
778 2785 961 2880 prosequi,
994 2787 1233 2858 innocentiam
1250 2787 1309 2856 in-

313 2889 467 2960 fantium
489 2897 567 2979 post
589 2883 811 2978 Baptismum
840 2911 915 2956 uon
944 2889 1088 2960 saevitia
1120 2890 1330 2988 plusquam·

313 2987 516 3060 Herodiana
534 2989 717 3082 persequi,
768 2991 829 3058 sed
848 2987 924 3060 Deo
944 2991 1072 3080 gratias
1093 3013 1213 3082 agere,
1247 2991 1310 3086 qui

315 3091 435 3185 pneris
456 3089 696 3160 innocentiam
718 3091 882 3164 restitnit.
933 3089 981 3163 Et
1004 3117 1070 3163 nos
1091 3094 1221 3180 adulti,
1247 3094 1311 3188 qui

316 3217 499 3288 perperam
525 3215 626 3284 saepe
651 3192 955 3284 concupiscentiae
978 3197 1129 3266 tentanti
1160 3217 1311 3266 cousen-

316 3299 443 3366 tientes
469 3293 592 3364 divino
615 3295 804 3386 implorato
827 3295 960 3364 auxilio
983 3298 1122 3367 fortiter
1142 3300 1311 3369 tentatio-

316 3399 423 3468 nibus
445 3397 663 3480 resistentes,
677 3399 716 3464 'a
738 3394 815 3466 Deo
843 3391 991 3487 Optimo
1015 3398 1174 3470 Maximo
1198 3401 1237 3468 iu
1252 3423 1311 3470 ae-

280 3535 289 3542 ·
316 3515 416 3571 terna
429 3498 647 3570 beatitudine
665 3521 887 3568 coronemur.

415 3666 513 3740 Haec
532 3669 582 3740 ita
602 3668 702 3740 volui
723 3669 882 3754 adferre,
906 3681 947 3740 ut
962 3672 1159 3744 venerabili
1174 3669 1220 3748 D.
1236 3673 1311 3744 col-

315 3770 470 3842 locuturi
486 3771 739 3854 satisfacerem,
772 3784 806 3844 et
820 3773 1093 3866 superadderem
1108 3799 1250 3870 quoque
1266 3777 1310 3846 ad

318 3870 411 3942 banc
431 3874 612 3943 materiam
643 3873 878 3965 pertinentia,
917 3897 1045 3966 rogans
1074 3877 1180 3947 etiar'n
1207 3889 1312 3970 atque

319 3975 444 4060 etiam,
475 3989 517 4046 ut
531 3976 719 4046 formulam
736 3975 945 4046 concordiae
964 3979 1068 4050 nobis
1090 3979 1311 4050 tolerabilem

318 4071 435 4148 adhuc
455 4101 535 4146 cum
557 4077 724 4148 fratribus
739 4077 812 4148 suis
825 4092 1003 4169 acceptare
1019 4080 1122 4166 velit,
1155 4105 1226 4174 quo
1244 4105 1313 4174 pax

318 4181 357 4248 in
372 4175 542 4250 Ecclesiis
560 4177 772 4250 Germaniae
790 4179 829 4248 in
849 4179 1130 4252 aedificationem
1151 4183 1314 4255 subdito-

318 4306 400 4351 rum
416 4279 566 4352 feliciter
582 4282 721 4361 redeat,
750 4280 798 4349 ita
815 4304 950 4372 precor.

346 4521 598 4629 Sequentedis
614 4521 813 4611 dominico,
846 4523 1008 4600 videlicet
1025 4533 1082 4606 16.
1098 4527 1290 4620 Ianuarii,

560 4621 655 4696 hora
676 4627 785 4698 tertia
800 4627 1071 4724 pomeridiano.

421 4775 582 4848 primum
612 4773 748 4848 Doctor
771 4765 972 4849 Corradus
996 4777 1135 4852 Bruuu
1169 4786 1322 4858 nomine

323 4879 617 4974 praesidentium,
660 4879 807 4948 statibus
842 4883 1055 4954 confessioni
1087 4883 1315 4976 Augustanos

322 4977 595 5053 adhaerentibus
619 4981 843 5070 significavit,
883 4988 978 5077 qnod
1001 4983 1046 5060 D.
1064 4985 1316 5062 Commissario

323 5097 358 5154 et
380 5081 425 5156 D.
447 5081 735 5152 praesidentibus
759 5083 956 5170 videretur,
991 5092 1180 5179 praeterito
1204 5093 1316 5164 biduo

324 5189 368 5254 de
385 5185 540 5255 secundo
561 5185 791 5254 confessionis
812 5188 961 5262 articulo
985 5192 1029 5261 ab
1050 5205 1200 5288 utraque
1218 5209 1316 5288 parte

324 5290 408 5358 satis
429 5309 501 5356 esse
526 5288 756 5378 disputatum.
809 5287 892 5360 ldeo
914 5293 996 5362 illos
1017 5309 1153 5384 petere,
1185 5310 1227 5368 ut
1249 5294 1317 5391 ipsi

324 5389 437 5460 velint
458 5411 623 5480 supereo
645 5389 795 5460 articulo
815 5393 966 5466 ulterius
983 5393 1138 5492 colloqui
1155 5419 1318 5491 superse·

325 5495 419 5562 dere.

1351 971 1434 1020 men
1450 975 1524 1022 rem
1541 973 1614 1021 esse
1638 955 1832 1024 admodum
1853 977 2010 1046 gravem,
2042 973 2128 1028 uon‘
2143 961 2187 1027 ati
2211 978 2269 1043 ea,
2297 963 2337 1028 de

1353 333 1789 442 measurari.
2288 351 2333 424 aa

1349 502 1525 584 Statuam
1551 521 1633 584 vero
1653 505 1897 608 Augusteum
1923 513 2173 614 consessionis.
2186 517 2335 606 marias,

1565 608 2139 717 D.Plrilippusrespoudit.¹
2184 672 2223 698 ..
2294 651 2299 660 ·
2410 711 2411 716 Ἰ

1450 745 1666 842 Quanquam
1688 749 1834 840 cupiant
1854 747 2012 826 Domino
2029 747 2279 824 Commissario
2305 773 2334 827 et
2410 769 2411 832 l

1350 844 1516 919 Dominis
1532 848 1822 922 praesidentibus
1836 853 2043 942 gratificari,
2075 850 2272 928 existiment
2288 871 2336 928 ta·
2410 847 2411 870 ¹

1352 1054 1483 1146 quibus
1507 1049 1585 1124 beri
1604 1055 1676 1125 sint
1697 1055 1870 1142 accusati,
1909 1053 2133 1149 respondere.
2173 1058 2338 1153 'Ideoque
2410 1067 2411 1118 t

1352 1169 1486 1248 petere,
1512 1170 1563 1240 ut,
1588 1159 1685 1250 quod
1702 1157 1740 1224 in
1757 1152 1963 1228 huiusmodi
1979 1161 2091 1230 causis
2106 1164 2150 1232 sit
2164 1163 2340 1244 usitatum,

1353 1257 1459 1328 etiam
1479 1257 1564 1348 ipsis
1579 1261 1803 1340 concedatur,
1829 1262 2006 1347 videlicet,
2030 1277 2081 1348 ut,
2107 1263 2246 1358 quoties
2262 1265 2339 1332 dicit

1353 1373 1469 1446 actor,
1495 1361 1598 1431 toties
1612 1361 1781 1432 audiatur
1797 1385 1890 1438 reus.

1452 1487 1511 1561 Ad
1535 1487 1620 1562 haec
1641 1493 1756 1564 iussus
1778 1509 1831 1565 est
1851 1495 2128 1587 praesidentium
2144 1495 2277 1570 Orator
2291 1525 2340 1569 re·
2410 1563 2411 1614 p

1353 1595 1546 1685 spondere,
1589 1596 1686 1688 quod
1714 1595 1797 1666 licet
1822 1599 1906 1667 satis
1939 1598 1982 1670 sit
2008 1601 2053 1672 ab
2076 1613 2228 1698 utraque
2251 1617 2340 1696 parte
2410 1647 2411 1708 p

1354 1719 1461 1788 super
1486 1698 1640 1766 secundo
1665 1698 1814 1768 articulo
1840 1700 2073 1788 collocutum,
2111 1702 2210 1773 nolle
2233 1720 2341 1774 tamen
2410 1711 2411 1762 i

1353 1797 1552 1868 Dominum
1574 1797 1865 1871 Commissarium
1890 1815 1925 1872 et
1946 1801 2121 1876 Dominus
2141 1804 2342 1876 Praesiden—

1355 1915 1406 1972 tes
1421 1901 1580 1993 ipsorum
1595 1901 1804 1994 petitionem
1821 1905 2006 1994 denegare.
2054 1907 2126 1979 Sed
2142 1909 2211 1992 ita,
2237 1922 2277 1980 ut
2295 1911 2341 1977 al-

1355 2003 1423 2074 teri
1438 2002 1532 2095 parti
1549 2003 1762 2094 posteriores
1777 2005 1922 2078 dicendi
1935 2021 2051 2099 partes
2071 2023 2276 2095 serventur,
2308 2036 2343 2078 eo

1354 2107 1451 2198 qrrud
1466 2101 1651 2176 Confessio
1668 2119 1702 2176 et
1717 2102 1912 2200 Apologia,
1933 2111 1979 2182 ab
1996 2111 2081 2201 ipsis
2097 2113 2257 2198 oblatae,
2281 2113 2346 2182 sint

1354 2207 1431 2280 vice
1445 2206 1581 2299 primae
1595 2208 1860 2300 propositionis.

1456 2339 1617 2427 Adiecit,
1639 2355 1769 2434 'petere
1790 2341 1836 2417 D.
1852 2341 2147 2418 Commissarium
2168 2364 2204 2420 et
2228 2347 2347 2420 Domi-

1355 2467 1421 2515 nos
1442 2443 1702 2530 praesidentes,
1743 2459 1783 2516 ut
1805 2469 1986 2518 sermones
2012 2451 2186 2544 utrinque
2212 2465 2361 2524 contra:

1355 2545 1504 2632 bantur,
1528 2569 1575 2616 ne
1590 2547 1742 2638 spatium
1756 2548 1865 2618 unius
1881 2544 1991 2620 horae
2001 2555 2185 2626 excedant.

1458 2677 1534 2752 Sub
1549 2679 1635 2765 ista,
1659 2675 1703 2748 D.
1717 2673 1906 2774 Philippus
1923 2683 2099 2756 dictorum
2109 2685 2274 2756 'statuum
2290 2709 2350 2754 no-

1358 2783 1453 2852 mine
1469 2779 1599 2872 gratias
1615 2779 1685 2872 agit
1699 2779 1855 2852 Domino
1871 2779 2121 2858 Commissario
2140 2801 2175 2859 et
2190 2785 2349 2860 Dominis

1356 2879 1667 2970 praesidentibus,
1707 2885 1931 2978 ostenditque
1958 2909 2031 2958 esse
2052 2892 2233 2984 quaedam
2255 2911 2352 2982 snpe—
2410 2923 2411 3000 p

1357 2985 1446 3056 riori
1463 2986 1521 3056 die
1537 2985 1632 3056 dicta
1647 2985 1692 3055 ab
1710 2987 1920 3058 adversariis
1937 2991 2107 3072 atrocius,
2142 2993 2276 3065 deinde
2296 2993 2351 3062 ad·
2410 3023 2411 3042 ¹

1359 3091 1463 3160 ducta
1478 3087 1583 3158 etiam
1607 3102 1813 3178 argumenta
1839 3092 2029 3184 quaedam,
2063 3092 2197 3188 quibus
2220 3114 2353 3166 necesse

1359 3191 1404 3263 sit
1419 3191 1643 3282 respondere.
1693 3188 1801 3261 petiit
1816 3193 1940 3278 etiam,
1973 3207 2015 3264 ut
2031 3195 2182 3267 cuilibet
2201 3197 2249 3267 ab
2265 3199 2352 3289 ipso-

1359 3317 1440 3362 rum
1468 3305 1568 3384 parte
1589 3293 1634 3360 ad
1658 3286 1725 3362 hoc
1747 3291 1979 3388 Colloqnium
2000 3299 2192 3390 deputato,
2235 3323 2300 3391 pro
2323 3323 2355 3366 se

1360 3395 1475 3466 dicere
1498 3393 1651 3479 volenti,
1682 3395 1772 3465 sicut
1793 3409 1894 3468 antea
1917 3421 2121 3470 concessum
2148 3415 2261 3486 esset,
2287 3423 2354 3469 non

1360 3499 1605 3587 denegaretur.

1458 3623 1548 3699 Item
1564 3627 1679 3697 videri
1692 3629 1797 3721 ipsis,
1823 3653 1903 3700 cum
1919 3633 2113 3704 adversarii
2126 3637 2291 3727 primurn
2307 3637 2356 3706 di·
2410 3699 2411 3708 ,

1360 3753 1438 3801 cere
1462 3742 1673 3821 coeperunt,
1708 3753 1768 3802 eos
1789 3753 1863 3802 esse
1888 3747 2035 3810 actores.
2092 3735 2190 3808 Nam
2212 3738 2357 3814 Confes-
2410 3725 2411 3820 l

1359 3833 1497 3902 sionem
1513 3844 1548 3901 et
1562 3829 1774 3924 Apologiam
1789 3834 1925 3906 oblatas
1937 3857 2011 3906 esse
2026 3841 2239 3923 materiam,
2273 3843 2357 3912 cirea
2410 3829 2411 3900 l

1361 3957 1469 4028 quam
1486 3928 1573 4003 haec
1593 3957 1696 4004 cansa
1720 3949 1889 4010 versetur.
1942 3935 2063 4026 Quare
2083 3951 2272 4032 postrema
2288 3967 2359 4012 mo·

1361 4037 1442 4106 nuit
1458 4057 1610 4130 aequum
1625 4059 1717 4122 csse,
1750 4051 1790 4108 nt
1806 4038 1910 4129 ipsis,
1944 4063 2020 4111 non
2037 4043 2276 4132 adversariis,
2301 4069 2359 4136 po-

1361 4151 1510 4208 stremae
1528 4138 1670 4208 dicendi
1685 4152 1801 4231 partes
1816 4140 2119 4231 permitterentur.
2296 4191 2300 4201 ·
2410 4157 2411 4236 ζ

1464 4267 1599 4342 Orator
1626 4269 1905 4363 praesidentium
1936 4277 2104 4361 subiecit,
2142 4279 2269 4351 videri
2293 4277 2363 4350 Do·
2410 4273 2411 4338 ἐ

1362 4373 1461 4444 mino
1493 4371 1746 4444 Commissario
1790 4387 1834 4470 et‘
1859 4373 2026 4446 Dominis
2058 4375 2366 4464 praesidentibus,

1363 4477 1460 4570 quod
1487 4477 1533 4546 ad
1561 4476 1846 4546 continuandum
1868 4489 1902 4547 et
1925 4479 2221 4554 concludendum
2245 4483 2348 4556 Collo
2410 4479 2411 4536 l

1363 4579 1488 4672 quium
1504 4601 1609 4669 super
1627 4577 1695 4648 isto
1709 4591 1842 4669 puncto
1868 4579 2027 4651 facienda
2047 4583 2093 4654 sit
2111 4583 2187 4654 iam
2208 4587 2258 4657 ab
2272 4601 2366 4658 utra·
2410 4537 2411 4632 l

1364 4704 1432 4774 que
1448 4693 1548 4772 parte
1564 4680 1757 4754 conclusio.
2383 4707 2387 4714 ·
2410 4647 2411 4678 l

1464 4809 1631 4908 Fit-quod
1658 4816 1702 4883 ad
1725 4815 1814 4886 alios
1834 4816 2003 4888 articulos
2026 4819 2248 4909 pertineret,
2282 4823 2369 4892 velle

1365 4917 1645 4990 dominationem
1667 4916 1778 5008 ipsius
1802 4941 1882 4988 cum
1898 4915 2194 4994 praesidentibus
2216 4925 2369 4996 crastina
2410 4939 2411 4948 ³

1365 5021 1443 5090 luce
1458 5043 1557 5089 suam
1573 5017 1751 5088 declarare
1767 5019 1988 5093 sententiam.

1465 5345 1470 5352 ,
1562 5248 1565 5256 ’
1588 5255 1798 5362 Responsio
1819 5265 1929 5372 tertia
1944 5263 2134 5369 Philippi.

1468 5397 1739 5491 Nccprolixitas
1753 5394 1937 5472 besternae
1955 5406 2146 5491 orationis,
2178 5433 2252 5482 nee
2274 5433 2374 5482 causa

1368 5501 1461 5593 ipsa,
1494 5501 1533 5571 in
1549 5525 1617 5596 qna
1636 5495 1730 5570 nibil
1752 5515 1802 5573 est
1820 5505 1996 5596 perplexi,
2030 5508 2292 5586 difficultatem
2314 5515 2376 5586 ali-
