4856 6266
94 365 136 444 tt
629 349 1072 434 EPISTOLARUM
1124 349 1236 430 ΜΒ.
1270 353 1374 436 VIII.
1426 351 1559 436 1541.
1798 389 1804 400 ·
2071 353 2119 430 14

91 559 174 620 mur,
188 531 260 604 imo
272 531 438 604 iubemur
452 531 620 625 colloqui,
642 543 677 603 et
691 529 901 602 seutentiam
918 528 1076 600 nostram
1127 529 1280 602 uetanti
1296 531 1437 604 sceleris
1452 532 1627 624 particeps
1642 531 1778 618 fierem,
1808 555 1914 628 quam
1930 525 2120 602 bominum

90 635 377 710 communicatam
401 633 475 704 illis
496 633 667 708 indicare.
724 631 802 722 Ego
826 633 996 722 negabam
1019 654 1076 698 me
1124 632 1283 704 savorem
1309 635 1473 708 retinere.
1531 633 1617 706 Post
1638 659 1695 704 me
1718 630 1898 706 Brents'us
1916 625 2022 716 diiit,
2056 629 2119 702 sed

91 763 164 812 eum
181 760 360 832 quoquam
375 736 466 805 velle
489 733 665 828 colloqui,
688 733 720 804 si
736 727 858 830 non*)
879 731 1076 804 sententiae
1124 727 1309 804 Balacrus
1323 749 1395 808 tam
1409 737 1636 830 impudenter
1654 736 1729 805 eius
1748 737 1943 806 orationem
1961 735 2119 804 interru-

89 854 220 912 oostrse
233 839 354 910 undae
369 852 402 908 et
417 837 491 908 suis
510 837 710 908 rationibus
732 837 875 906 orbatae
896 855 1076 928 propone-
1124 837 1194 928 pit,
1218 851 1260 908 nt
1275 839 1396 910 multis
1411 838 1511 930 alapa
1528 839 1658 928 dignus
1672 838 1896 910 iudicaretur.
1948 833 2045 924 Quid
2063 847 2119 906 ta·

88 955 204 1014 reotnr
224 939 318 1010 sicut
338 933 435 1024 heri,
466 962 533 1008 nos
553 933 647 1008 nibil
670 937 739 1008 nisi
764 937 877 1008 risum
898 951 960 1008 aut
977 935 1076 1010 invi·
1124 961 1206 1008 men
1229 938 1469 1022 effecerimus,
1501 956 1646 1032 apparet
1668 964 1709 1010 ex
1732 938 1979 1030 responsione,
2011 959 2118 1030 qnam

88 1045 174 1116 diam
190 1041 389 1126 concitare,
413 1039 523 1112 satius
545 1063 619 1110 esse
639 1051 681 1110 nt
696 1039 844 1108 omnino
869 1051 1074 1110 taceremus.
1124 1039 1237 1110 nostri
1259 1041 1445 1114 dederunt.
1496 1040 1731 1130 Virtemberg.
1751 1054 1787 1112 et
1802 1040 2008 1128 Luneburg.
2031 1038 2118 1111 sim-

89 1143 203 1234 Rogor
217 1143 383 1213 itemma
398 1133 615 1236 Crucigero,
641 1141 728 1236 quid
745 1138 911 1211 Dominis
926 1163 1075 1232 respon·
1123 1141 1263 1234 pliciter
1292 1137 1601 1228 contradixerunt,
1634 1143 1785 1236 ideoque
1819 1167 1900 1212 curn
1932 1138 2117 1234 responsio

89 1245 262 1318 tendum?
291 1245 510 1338 respondeo,
540 1258 598 1330 ut,
630 1242 731 1314 cuius
754 1241 964 1312 sententiam
985 1241 1073 1310 scire
1123 1245 1284 1328 daretur,
1304 1247 1428 1316 edesse
1442 1243 1646 1318 noluerunt.
1698 1243 1845 1314 Postero
1867 1243 1943 1328 die,
1970 1265 2048 1314 cum
2066 1238 2118 1316 ci-

88 1347 207 1430 reliut,
237 1367 323 1415 curn
344 1359 481 1436 rogent.
531 1343 658 1416 Postea
680 1343 771 1414 iacta
794 1343 937 1414 dicendi
958 1343 1072 1414 lacul—
1121 1347 1440 1440 vesquidamcum
1463 1346 1581 1440 equite
1604 1345 1789 1416 nostruin
1812 1345 1991 1438 proximas
2014 1342 2118 1412 villas
2182 1367 2192 1386 ·

86 1447 301 1522 tateiortiter
316 1447 523 1539 impugnavi
541 1471 617 1518 eam
635 1445 863 1538 opinionem,
892 1457 1073 1538 quaetum
1122 1447 1169 1518 ob
1198 1450 1387 1520 emendum
1414 1443 1565 1518 Ebnero
1594 1447 1718 1518 viuum
1742 1447 1950 1526 exivissent,
1982 1444 2117 1518 retute-

88 1551 183 1622 tautis
205 1573 245 1620 ac
267 1563 345 1620 tam
365 1549 585 1620 ferventibus
600 1547 727 1618 studiis
743 1547 953 1639 agitabatur.
1002 1542 1073 1618 Ca·
1122 1562 1218 1633 runt,
1242 1550 1372 1620 famam
1385 1550 1482 1620 inter
1496 1549 1645 1620 rusticos
1659 1573 1746 1633 esse,
1762 1541 1991 1620 Gronvelom
2007 1565 2116 1640 quos-

85 1653 148 1748 pita
163 1674 258 1722 meae
272 1650 470 1722 sententiae
486 1663 604 1722 erant:
1121 1651 1204 1718 darn
1227 1674 1246 1720 e
1261 1652 1392 1722 nostris
1409 1651 1558 1743 pecunia
1575 1649 1784 1741 corrupisse.
1833 1646 1883 1720 Et
1906 1643 2014 1720 hodie
2033 1658 2116 1740 post

172 1749 259 1822 Esse
283 1751 525 1846 periculosum
549 1773 668 1824 coram
689 1747 767 1822 Deo
791 1763 826 1822 et
847 1747 1071 1838 Magistratu,
1121 1752 1330 1822 concionem
1346 1747 1549 1850 Philippus
1569 1745 1726 1822 Brentio
1748 1751 1855 1836 dixit,
1879 1751 2008 1820 famam
2030 1769 2114 1832 ease,

87 1853 250 1926 discedere
270 1879 291 1924 a
312 1854 465 1926 sormnla
481 1851 707 1944 Hagenoeusi
720 1853 778 1922 vel
798 1853 843 1922 ab
863 1875 905 1922 eo
928 1849 1071 1918 intelle·
1119 1849 1379 1926 Cancellarium
1394 1853 1569 1940 Palatini,
1595 1855 1659 1948 qui
1679 1854 1775 1948 solus
1791 1854 1885 1924 inter
1900 1851 2114 1942 Praesiden-

87 1971 146 2039 cto,
165 1979 267 2050 qoem
283 1953 517 2046 Magistratus
532 1954 646 2026 nostri
659 1950 876 2038 habuissent,
907 1977 988 2024 cum
1004 1973 1070 2020 nos
1120 1968 1171 2026 tes
1188 1979 1322 2050 aequus
1339 1971 1373 2028 et
1388 1957 1506 2028 bonus
1522 1970 1574 2028 est
1588 1971 1730 2050 nostrae
1747 1978 1881 2040 causae,
1906 1977 1925 2022 a
1943 1945 2113 2024 Gram-

86 2057 261 2138 mitterent,
289 2081 469 2152 quemque
482 2052 590 2128 hodie
601 2057 796 2148 genuinum
810 2056 1042 2128 crederemus.
1120 2053 1161 2126 lo
1181 2059 1332 2149 pecunia
1356 2071 1549 2142 tentatum,
1574 2060 1633 2126 sed
1658 2080 1733 2128 non
1748 2056 1905 2150 potuisse
1919 2051 2113 2146 corrumpi.

172 2155 258 2232 Eue
275 2171 404 2252 turpe,
429 2159 514 2252 quia
533 2159 638 2230 toties
656 2157 838 2250 protestati
860 2159 897 2226 se
919 2155 1068 2226 faculta—
1117 2155 1253 2228 Eadem
1270 2161 1327 2232 die
1340 2184 1444 2232 mane
1460 2154 1645 2230 Balacrus
1660 2161 1703 2230 ad
1718 2152 2010 2252 Landgraeium
2025 2177 2113 2247 pro·
2215 2155 2219 2168 '

86 2271 146 2332 nm
161 2261 205 2332 ab
221 2283 262 2332 ea
277 2260 488 2332 discedendi
501 2283 576 2331 nou
588 2255 719 2332 babere
734 2283 754 2330 a
769 2259 842 2330 suis
857 2255 1034 2329 Dominis.
1116 2261 1227 2332 sectus
1242 2275 1309 2348 est,
1336 2261 1422 2356 quid
1443 2261 1699 2354 predicaturus
1714 2260 1881 2334 nescitur.
1929 2257 2028 2347 Quid
2051 2255 2112 2328 iu-

172 2357 257 2432 Esse
281 2362 392 2432 etiam
407 2357 521 2433 adhoc
540 2362 798 2454 periculosum,
822 2383 907 2430 nam
919 2381 993 2430 uno
1009 2381 1068 2428 ar·
1118 2375 1238 2432 turum
1255 2365 1316 2450 sit,
1342 2387 1388 2434 an
1405 2363 1622 2456 colloquium
1639 2364 1806 2455 procedat
1820 2361 1878 2432 vel
1899 2383 1992 2444 non,
2016 2379 2111 2428 uon-

84 2461 179 2534 ticulo
201 2462 432 2556 Hagenoicae
458 2464 633 2536 formulae
661 2463 828 2534 derelicto
858 2481 933 2532 non
964 2481 1065 2552 posse
1116 2465 1202 2534 dum
1221 2465 1396 2536 coniicere
1415 2488 1621 2557 possumus,
1646 2468 1707 2536 sed
1728 2463 1830 2534 brevi
1849 2487 1930 2534 cum
1952 2483 2008 2532 res
2033 2461 2109 2550 ipsa

84 2565 221 2656 amplius
235 2589 444 2660 quenquam
463 2579 585 2636 contra
599 2565 819 2636 voluntatem
834 2561 993 2636 Caesaris
1009 2585 1065 2632 re·
1116 2567 1361 2654 declaraverit,
1396 2567 1623 2660 perscribam.
1682 2565 1806 2638 Valete
1836 2577 1872 2635 et
1902 2587 1968 2658 pro
2003 2559 2108 2634 nobis

83 2665 187 2738 tineci.
238 2665 335 2739 Item
350 2669 394 2738 de
415 2669 502 2738 falsa
523 2667 657 2738 deinde.
673 2665 964 2758 interpretatione
979 2661 1065 2747 dixi,
1115 2681 1223 2744 orate.
1273 2665 1413 2740 Dabam
1427 2661 1559 2762 Epiph.
1577 2665 1639 2743 41.
1694 2731 1699 2738 .

12 2779 16 2798 '
84 2791 145 2838 esse
160 2782 283 2840 contm
304 2783 469 2840 naturam
486 2769 557 2850 rei,
583 2783 705 2841 contra
723 2781 888 2840 naturam
911 2765 1066 2856 linguae,

84 2884 191 2940 contra
204 2871 422 2942 mnteutiam
437 2895 583 2956 eorum,
608 2871 673 2966 qui
692 2869 797 2942 uobis
820 2868 987 2940 mandata
1002 2869 1066 2938 de-

84 2971 211 3058 dissent,
229 2986 358 3044 contra
372 2973 663 3074 consuetudinem
679 2971 959 3055 ecclesiasticam,
977 2993 1064 3040 con·
1114 3004 1180 3076 No·
1194 3003 1306 3076 2117·
1948 3012 2002 3074 10·
2022 3001 2087 3066 qm·

83 3085 280 3146 nasensnm
298 3099 542 3160 communem,
566 3088 687 3146 contra
705 3073 922 3144 intellectum
938 3073 1064 3142 adver·
1119 3101 1292 3132 εον-ν
1924 3094 2095 3126 »av-u

83 3177 269 3268 saepartis,
298 3189 423 3248 contra
444 3177 663 3250 intellectum
680 3173 977 3258 praesidentium,
1000 3169 1062 3266 qui
1366 3179 1575 3264 Linckiug
1599 3176 1662 3262 ad
1680 3178 1848 3262 Ionam,

83 3275 116 3344 in
134 3279 204 3370 ipsa
224 3277 367 3350 actione
389 3277 439 3350 sic
462 3304 498 3350 se
521 3279 718 3368 intelligere
739 3291 779 3347 ut
799 3302 866 3348 nos
888 3275 1062 3346 declaras-

82 3393 167 3464 Μ’
189 3394 317 3452 ⁶⁰¹¹OE
340 3380 594 3473 Pfflssiufflssium
613 3380 784 3474 ⁰⁰fl⁰q¹¹ii
803 3377 1001 3470 A¹¹8¹¹⁸¹³¹¹i
1023 3377 1061 3446 5¹¹
1217 3402 2050 3475 metuamus-edastrobettotttat.1777.8.)p.4st.

82 3473 137 3549 bac
152 3483 274 3552 eadem
290 3505 394 3552 causa
408 3475 532 3568 babiti,
554 3482 637 3579 qnia
655 3483 729 3552 illio
746 3482 907 3552 nondun
923 3493 1061 3552 tantum
1693 3479 1696 3490 '

82 3579 149 3651 aliis
162 3581 250 3654 elam
259 3585 530 3675 suggerentibus
545 3583 656 3656 locuti
671 3595 796 3668 essent,
807 3583 868 3654 sed
884 3605 947 3652 suo
962 3581 1062 3675 quis·

82 3705 140 3774 qne
158 3683 287 3756 ordine
310 3699 375 3759 etc.
438 3683 535 3756 Tum
557 3685 794 3775 interrogavi,
824 3685 855 3754 si
877 3682 1060 3774 Principes

82 3781 323 3873 irascerentur,
346 3787 442 3881 qnod
459 3809 479 3858 a
494 3787 648 3859 formula
665 3784 867 3876 Hagenoica
881 3807 918 3854 se
933 3784 1061 3856 deduci
2167 3863 2173 3874 ⁸

82 3887 161 3974 Pffli
177 3901 316 3969 efflui,
336 3887 392 3960 vel
408 3889 439 3960 si
454 3890 599 3982 publico
622 3889 753 3980 scripto
775 3887 896 3960 testari
918 3887 1061 3971 vellent,
1110 3869 1280 3964 Gratiam
1296 3907 1329 3964 et
1343 3917 1461 3986 pacem
1477 3915 1496 3962 a
1511 3889 1587 3962 Deo
1609 3903 1709 3983 patre
1725 3913 1788 3980 per
1801 3885 1829 3962 I.
1848 3885 1886 3961 C.
1903 3883 2101 3958 Dominum

81 3985 139 4056 sibi
164 3985 407 4080 Hagenoicam
433 3992 625 4062 formulam
653 3991 741 4074 falsa
769 3989 1060 4080 interpretatione
1110 4009 1290 4077 nostrum.
1314 3991 1443 4068 Amen.
1494 3991 1547 4064 Ne
1564 3993 1686 4062 videar
1709 3992 1763 4062 tui
1787 3991 1935 4071 oblitus,
1968 3987 2100 4080 optime

81 4101 255 4176 mmm,
287 4091 412 4186 illique
436 4106 638 4164 c⁰n³i³nler
657 4105 825 4184 negarent
848 4115 888 4162 ac
916 4087 1060 4160 mentiri
1110 4095 1220 4178 lona,
1252 4109 1361 4190 utque
1384 4111 1556 4188 praestem
1579 4095 1735 4164 officinm
1759 4105 1793 4188 et
1816 4090 2007 4162 amicitiam
2032 4113 2102 4160 no·

79 4203 205 4262 ¹¹⁰³stOE
219 4193 402 4278 diffinis
425 4217 471 4264 ³¹¹
486 4207 604 4266 iflmffl
617 4195 701 4266 ⁸³5⁵
714 4197 791 4264 f010
809 4194 1004 4274 crederessb
1030 4189 1060 4260 δί
1109 4213 1217 4270 stram
1241 4213 1393 4270 veterem
1414 4221 1640 4281 renos-arem,
1671 4195 1812 4264 decrevi
1837 4193 1971 4262 litteras
1992 4193 2039 4260 ad
2065 4204 2099 4260 te

80 4305 187 4364 contm
203 4307 258 4366 tot
275 4317 395 4366 canses
408 4309 500 4366 recte
517 4297 740 4386 intelligendi
762 4295 927 4366 afferrent
950 4317 1058 4364 unam
1109 4303 1213 4385 dare,
1237 4301 1359 4386 saltem
1375 4302 1491 4368 bonae
1505 4299 1696 4370 voluntatis
1712 4295 1864 4377 indices,
1888 4292 2024 4364 etiamsi
2041 4315 2099 4362 re-

79 4389 189 4464 idsarn
204 4395 536 4488 interpretationem
550 4397 716 4492 privatim
733 4398 827 4468 inter
841 4419 971 4488 paucos
991 4419 1059 4464 110·
1109 4427 1189 4473 rum
1209 4403 1354 4472 materia
1377 4402 1422 4472 sit
1449 4401 1577 4474 inanis.
1629 4397 1683 4470 De
1703 4400 1809 4468 rebus
1829 4409 1865 4468 et
1885 4395 1970 4466 actis
1991 4389 2099 4466 buius

81 4503 131 4562 cto
151 4495 188 4565 iu
205 4497 426 4570 convivioiu
450 4500 537 4570 vino
559 4513 684 4572 ortam.
736 4497 827 4570 Nam
850 4498 1059 4590 praetende·
1109 4519 1303 4576 conventus
1319 4503 1478 4574 existimo
1502 4518 1536 4574 te
1559 4502 1643 4574 satis
1658 4500 1796 4572 edoceri
1813 4521 1877 4588 per
1892 4511 1988 4582 tuos,
2013 4491 2098 4566 binc
2160 4513 2170 4550 ³

80 4592 172 4680 bant,
209 4621 246 4668 se
280 4623 323 4668 ex
347 4593 540 4670 Gronveln
573 4600 804 4684 intellexisse,
819 4653 827 4672 .
842 4600 938 4692 quod
972 4593 1058 4668 baec
1108 4619 1246 4697 praeter
1261 4631 1334 4676 rem
1349 4603 1569 4698 exis-timode
1584 4599 1764 4672 bismrdta
1781 4601 1944 4672 scribere.
1986 4596 2097 4670 Sede·

79 4695 210 4770 deberet
236 4723 311 4770 esse
336 4703 509 4774 sententia
541 4703 715 4774 formulae
738 4699 963 4792 Hagenoicae
992 4713 1058 4774 etc.
1108 4731 1187 4777 mus
1200 4701 1258 4778 hic
1273 4709 1311 4776 in
1325 4707 1443 4776 medio
1459 4705 1697 4798 scorpionum,
1716 4717 1750 4774 et
1767 4702 1915 4794 practice
1930 4700 2097 4790 discimps

80 4793 167 4884 Quid
182 4802 212 4872 si
227 4816 374 4892 negaret
388 4805 449 4874 ille
469 4818 531 4874 aut
549 4806 700 4890 rideret,
725 4828 791 4876 nos
809 4803 917 4874 verba
933 4803 1059 4874 couvi·
1107 4809 1324 4880 intellectum
1339 4809 1532 4878 multarum
1548 4808 1822 4898 scripturarum,
1848 4803 1945 4895 quod
1961 4802 2006 4872 sit
2024 4801 2096 4872 liu-

79 4899 159 4972 vtlia
174 4904 381 4994 praetulisse
396 4906 550 4998 publicis
564 4905 675 4976 actis?
1106 4933 1172 5001 gua
1196 4911 1337 4996 dolosa,
1369 4911 1466 5003 qnod
1492 4907 1609 4981 omnis
1633 4903 1740 4978 bomo
1764 4907 1926 4980 mendax.
1984 4899 2094 4994 Eripe

146 5001 212 5086 h
236 4999 330 5078 hane
348 5009 558 5080 sententiam
589 5032 669 5079 eum
688 5001 800 5078 fusius
827 5029 1057 5100 perorassem,
1106 5037 1163 5082 me
1175 5009 1331 5082 Domine
1346 5014 1391 5082 ab
1408 5006 1553 5082 bomine
1572 5011 1668 5080 malo
1689 5024 1753 5085 etc.
1802 5007 1885 5078 Non
1908 5005 2004 5078 enim
2025 5005 2095 5076 nisi

80 5097 229 5201 plerique
242 5109 378 5181 occulte
396 5111 594 5182 fremebant
614 5123 650 5180 et
670 5110 965 5199 indignabantur,
989 5133 1058 5178 no-
1105 5110 1242 5184 tecbnis
1263 5115 1379 5204 agitur
1395 5113 1599 5194 nobiscum,
1624 5111 1714 5184 lucis
1734 5133 1774 5180 ac
1794 5109 1909 5192 dotis,
1931 5103 2122 5199 nihilque,

79 5213 141 5272 der
152 5231 305 5303 qnoque.
350 5211 423 5284 Sed
440 5235 504 5304 ego
517 5235 593 5282 non
610 5235 719 5284 curor
747 5209 847 5284 Malo
864 5233 987 5284 causae
995 5203 1055 5306 ”)
1105 5216 1224 5286 minus
1238 5216 1437 5310 quaeritur,
1462 5237 1569 5308 quam
1587 5225 1626 5282 ut
1646 5211 1864 5305 colloquium
1887 5233 1970 5280 vere
1985 5203 2094 5282 Cbri·

1105 5319 1260 5388 stianum
1284 5313 1467 5390 habeatur.
1525 5313 1807 5405 interpretantur
1831 5327 1947 5384 autem
1973 5311 2094 5382 decre-

105 5449 226 5518 q„„,2
243 5489 279 5502 ,,
296 5457 385 5514 pm„
405 5461 481 5514 mg„
498 5459 672 5516 scribentum
689 5478 756 5517 ene.
871 5474 874 5483 .
961 5512 963 5520 Ι
1104 5433 1181 5490 tom
1194 5417 1426 5511 Hagenoense
1444 5429 1482 5488 et
1493 5414 1652 5489 Caesaris
1673 5413 1882 5508 rescriptum
1897 5413 1942 5482 de
1962 5423 2093 5484 secreto

106 5533 148 5606 ἠ
165 5543 286 5598 uum?
303 5573 341 5587 -
360 5543 470 5600 rodus:
489 5547 685 5602 maceremus.
1105 5533 1141 5592 et
1154 5522 1293 5616 privato
1313 5521 1502 5616 colloquio.
1559 5517 1679 5608 Quare
1703 5541 1779 5588 nou
1801 5517 1962 5588 obstante
1986 5513 2093 5602 longo

2037 2868 2106 2886 nb·-

1112 3547 1271 3626 Clare'ss.
1295 3549 1372 3624 viro
1393 3549 1447 3622 D.
1467 3547 1497 3620 I
1502 3559 1574 3622 usi
1583 3575 1604 3620 ο
1627 3545 1794 3630 Ionae,
1822 3541 2011 3630 Ecclesiae
2030 3539 2070 3618 V
2069 3543 2103 3614 i-

1111 3654 1314 3752 tenbergen.
1330 3651 1559 3769 ρνᾳιροείἰοΞ
1577 3648 1705 3769 spotti
1725 3659 1756 3721 et
1780 3643 1989 3718 amicosne
2013 3639 2103 3720 elta-
2212 3721 2218 3728 ,

1521 3778 1682 3824 resscmo.

80 5373 295 5402 *¹¹¹⁸*-

1181 3339 1259 3394 Edita
1278 3359 1292 3394 a
1313 3340 1451 3396 Strobelio
1473 3337 1501 3393 io
1519 3339 1604 3393 libro:
1628 3337 1718 3392 loacb.
1739 3334 1887 3390 camerarii
1909 3333 1941 3388 de
1960 3333 2012 3388 sits
2033 3331 2103 3388 i’bil.
2186 3373 2190 3387 .
